<?xml version="1.0" encoding="UTF-8"?>
<!DOCTYPE html PUBLIC "-//W3C//DTD XHTML 1.0 Transitional//EN"
    "http://www.w3.org/TR/xhtml1/DTD/xhtml1-transitional.dtd">
<html xmlns="http://www.w3.org/1999/xhtml" xml:lang="en" lang="en">
 <head>
  <title>
</title>
<meta http-equiv="Content-Type" content="text/html;charset=utf-8" />
  <meta name='ocr-system' content='tesseract 3.04.00' />
  <meta name='ocr-capabilities' content='ocr_page ocr_carea ocr_par ocr_line ocrx_word'/>
</head>
<body>
  <div class='ocr_page' id='page_1' title='image "./commentariiacade14impe/commentariiacade14impe_0193.png"; bbox 0 0 2020 2668; ppageno 0'>
   <div class='ocr_carea' id='block_1_1' title="bbox 244 111 1493 168">
    <p class='ocr_par' dir='ltr' id='par_1_1' title="bbox 244 111 1493 168">
     <span class='ocr_line' id='line_1_1' title="bbox 244 111 1493 168; baseline -0.008 -6"><span class='ocrx_word' id='word_1_1' title='bbox 244 119 327 162; x_wconf 90' lang='lat' dir='ltr'>DE</span> <span class='ocrx_word' id='word_1_2' title='bbox 360 116 523 163; x_wconf 87' lang='lat' dir='ltr'><em>MOTV</em></span> <span class='ocrx_word' id='word_1_3' title='bbox 554 111 817 161; x_wconf 84' lang='lat' dir='ltr'><em>CORPORV</em></span> <span class='ocrx_word' id='word_1_4' title='bbox 820 114 877 158; x_wconf 87' lang='lat' dir='ltr'><em>M</em></span> <span class='ocrx_word' id='word_1_5' title='bbox 905 115 1227 160; x_wconf 84' lang='lat' dir='ltr'><em>FLEXIBILIV</em></span> <span class='ocrx_word' id='word_1_6' title='bbox 1228 112 1294 161; x_wconf 89' lang='lat' dir='ltr'>M.</span> <span class='ocrx_word' id='word_1_7' title='bbox 1398 122 1493 168; x_wconf 24' lang='lat'>1857</span> 
     </span>
    </p>
   </div>
   <div class='ocr_carea' id='block_1_2' title="bbox 183 228 1487 411">
    <p class='ocr_par' dir='ltr' id='par_1_2' title="bbox 183 228 1487 411">
     <span class='ocr_line' id='line_1_2' title="bbox 183 228 1485 282; baseline -0.005 -9"><span class='ocrx_word' id='word_1_8' title='bbox 183 231 317 274; x_wconf 76' lang='lat' dir='ltr'>fuerint</span> <span class='ocrx_word' id='word_1_9' title='bbox 349 232 510 272; x_wconf 78' lang='lat' dir='ltr'>flexurae</span> <span class='ocrx_word' id='word_1_10' title='bbox 532 262 542 282; x_wconf 88' lang='lat'>,</span> <span class='ocrx_word' id='word_1_11' title='bbox 594 229 824 270; x_wconf 80' lang='lat' dir='ltr'>continuatio</span> <span class='ocrx_word' id='word_1_12' title='bbox 865 239 993 270; x_wconf 86' lang='lat' dir='ltr'>motus</span> <span class='ocrx_word' id='word_1_13' title='bbox 1041 228 1203 282; x_wconf 86' lang='lat' dir='ltr'>impreffi</span> <span class='ocrx_word' id='word_1_14' title='bbox 1255 240 1485 282; x_wconf 78' lang='lat' dir='ltr'>nequaquam</span> 
     </span>
     <span class='ocr_line' id='line_1_3' title="bbox 185 292 1487 349; baseline -0.004 -13"><span class='ocrx_word' id='word_1_15' title='bbox 185 296 414 349; x_wconf 75' lang='lat' dir='ltr'>impeditur,</span> <span class='ocrx_word' id='word_1_16' title='bbox 449 296 605 346; x_wconf 84' lang='lat' dir='ltr'>ideoque</span> <span class='ocrx_word' id='word_1_17' title='bbox 637 306 771 346; x_wconf 87' lang='lat' dir='ltr'>corpus</span> <span class='ocrx_word' id='word_1_18' title='bbox 791 325 802 343; x_wconf 85' lang='lat'>,</span> <span class='ocrx_word' id='word_1_19' title='bbox 852 303 1023 346; x_wconf 80' lang='lat' dir='ltr'>tanquam</span> <span class='ocrx_word' id='word_1_20' title='bbox 1059 294 1146 332; x_wconf 78' lang='lat' dir='ltr'>elset</span> <span class='ocrx_word' id='word_1_21' title='bbox 1178 293 1341 346; x_wconf 85' lang='lat' dir='ltr'>rigidum</span> <span class='ocrx_word' id='word_1_22' title='bbox 1363 324 1374 344; x_wconf 82' lang='lat'>,</span> <span class='ocrx_word' id='word_1_23' title='bbox 1408 292 1487 332; x_wconf 77' lang='lat' dir='ltr'>vni-</span> 
     </span>
     <span class='ocr_line' id='line_1_4' title="bbox 185 355 1290 411; baseline -0.004 -11"><span class='ocrx_word' id='word_1_24' title='bbox 185 359 358 400; x_wconf 85' lang='lat' dir='ltr'>formiter</span> <span class='ocrx_word' id='word_1_25' title='bbox 392 359 428 398; x_wconf 88' lang='lat' dir='ltr'>in</span> <span class='ocrx_word' id='word_1_26' title='bbox 462 356 640 397; x_wconf 63' lang='lat' dir='ltr'>diret‘tum</span> <span class='ocrx_word' id='word_1_27' title='bbox 675 357 823 397; x_wconf 86' lang='lat' dir='ltr'>moueri</span> <span class='ocrx_word' id='word_1_28' title='bbox 855 366 996 410; x_wconf 84' lang='lat' dir='ltr'><strong>perget.</strong></span> <span class='ocrx_word' id='word_1_29' title='bbox 1066 356 1119 411; x_wconf 82' lang='lat' dir='ltr'>Q.</span> <span class='ocrx_word' id='word_1_30' title='bbox 1152 356 1200 397; x_wconf 71' lang='lat' dir='ltr'>E.</span> <span class='ocrx_word' id='word_1_31' title='bbox 1234 355 1290 396; x_wconf 90' lang='lat' dir='ltr'>D.</span> 
     </span>
    </p>
   </div>
   <div class='ocr_carea' id='block_1_3' title="bbox 661 464 1016 524">
    <p class='ocr_par' dir='ltr' id='par_1_3' title="bbox 661 464 1016 524">
     <span class='ocr_line' id='line_1_5' title="bbox 661 464 1016 524; baseline 0.006 -2"><span class='ocrx_word' id='word_1_32' title='bbox 661 464 930 522; x_wconf 77' lang='lat' dir='ltr'>Corollar.</span> <span class='ocrx_word' id='word_1_33' title='bbox 978 487 1016 524; x_wconf 90' lang='lat'>1.</span> 
     </span>
    </p>
   </div>
   <div class='ocr_carea' id='block_1_4' title="bbox 186 551 1491 797">
    <p class='ocr_par' dir='ltr' id='par_1_4' title="bbox 186 551 1491 797">
     <span class='ocr_line' id='line_1_6' title="bbox 253 551 1486 606; baseline 0.001 -14"><span class='ocrx_word' id='word_1_34' title='bbox 253 563 294 603; x_wconf 91' lang='lat'>7.</span> <span class='ocrx_word' id='word_1_35' title='bbox 330 552 414 593; x_wconf 87' lang='lat' dir='ltr'>Hoc</span> <span class='ocrx_word' id='word_1_36' title='bbox 447 552 553 605; x_wconf 87' lang='lat' dir='ltr'>igitur</span> <span class='ocrx_word' id='word_1_37' title='bbox 585 551 667 591; x_wconf 87' lang='lat' dir='ltr'>casu</span> <span class='ocrx_word' id='word_1_38' title='bbox 687 584 698 603; x_wconf 85' lang='lat'>,</span> <span class='ocrx_word' id='word_1_39' title='bbox 728 564 805 605; x_wconf 86' lang='lat' dir='ltr'>quo</span> <span class='ocrx_word' id='word_1_40' title='bbox 838 552 982 605; x_wconf 81' lang='lat' dir='ltr'>singulis</span> <span class='ocrx_word' id='word_1_41' title='bbox 1009 553 1179 605; x_wconf 81' lang='lat' dir='ltr'>corporis</span> <span class='ocrx_word' id='word_1_42' title='bbox 1210 553 1371 606; x_wconf 77' lang='lat' dir='ltr'>partibus</span> <span class='ocrx_word' id='word_1_43' title='bbox 1403 565 1486 593; x_wconf 58' lang='lat' dir='ltr'>mo⁴</span> 
     </span>
     <span class='ocr_line' id='line_1_7' title="bbox 186 613 1491 670; baseline -0.002 -11"><span class='ocrx_word' id='word_1_44' title='bbox 186 630 242 659; x_wconf 84' lang='lat' dir='ltr'>tus</span> <span class='ocrx_word' id='word_1_45' title='bbox 274 629 386 669; x_wconf 82' lang='lat' dir='ltr'>aeque</span> <span class='ocrx_word' id='word_1_46' title='bbox 417 617 556 656; x_wconf 84' lang='lat' dir='ltr'>celeres</span> <span class='ocrx_word' id='word_1_47' title='bbox 588 613 780 655; x_wconf 81' lang='lat' dir='ltr'>secundum</span> <span class='ocrx_word' id='word_1_48' title='bbox 812 616 972 655; x_wconf 83' lang='lat' dir='ltr'>eandem</span> <span class='ocrx_word' id='word_1_49' title='bbox 1006 616 1248 657; x_wconf 67' lang='lat' dir='ltr'>diretffionem</span> <span class='ocrx_word' id='word_1_50' title='bbox 1267 618 1491 670; x_wconf 81' lang='lat' dir='ltr'>imprimun-</span> 
     </span>
     <span class='ocr_line' id='line_1_8' title="bbox 190 677 1487 732; baseline 0 -11"><span class='ocrx_word' id='word_1_51' title='bbox 190 693 248 721; x_wconf 87' lang='lat' dir='ltr'>tur</span> <span class='ocrx_word' id='word_1_52' title='bbox 269 713 279 731; x_wconf 82' lang='lat'>,</span> <span class='ocrx_word' id='word_1_53' title='bbox 313 680 384 719; x_wconf 77' lang='lat' dir='ltr'>siue</span> <span class='ocrx_word' id='word_1_54' title='bbox 415 679 489 718; x_wconf 78' lang='lat' dir='ltr'>vlla</span> <span class='ocrx_word' id='word_1_55' title='bbox 520 677 740 718; x_wconf 84' lang='lat' dir='ltr'>difficultate</span> <span class='ocrx_word' id='word_1_56' title='bbox 783 687 958 732; x_wconf 81' lang='lat' dir='ltr'>perpetua</span> <span class='ocrx_word' id='word_1_57' title='bbox 1001 689 1129 719; x_wconf 84' lang='lat' dir='ltr'>motus</span> <span class='ocrx_word' id='word_1_58' title='bbox 1168 681 1398 720; x_wconf 85' lang='lat' dir='ltr'>continuatio</span> <span class='ocrx_word' id='word_1_59' title='bbox 1429 680 1487 721; x_wconf 82' lang='lat' dir='ltr'>de-</span> 
     </span>
     <span class='ocr_line' id='line_1_9' title="bbox 189 741 1427 797; baseline 0.001 -14"><span class='ocrx_word' id='word_1_60' title='bbox 189 744 292 784; x_wconf 88' lang='lat' dir='ltr'>finiri</span> <span class='ocrx_word' id='word_1_61' title='bbox 325 742 445 797; x_wconf 87' lang='lat' dir='ltr'>potest</span> <span class='ocrx_word' id='word_1_62' title='bbox 465 774 475 794; x_wconf 83' lang='lat'>,</span> <span class='ocrx_word' id='word_1_63' title='bbox 509 741 573 782; x_wconf 85' lang='lat' dir='ltr'>nisi</span> <span class='ocrx_word' id='word_1_64' title='bbox 605 752 730 782; x_wconf 78' lang='lat' dir='ltr'>motus</span> <span class='ocrx_word' id='word_1_65' title='bbox 764 754 784 781; x_wconf 87' lang='lat' dir='ltr'>a</span> <span class='ocrx_word' id='word_1_66' title='bbox 822 741 960 782; x_wconf 86' lang='lat' dir='ltr'>viribus</span> <span class='ocrx_word' id='word_1_67' title='bbox 989 742 1149 782; x_wconf 84' lang='lat' dir='ltr'>externis</span> <span class='ocrx_word' id='word_1_68' title='bbox 1181 744 1427 797; x_wconf 82' lang='lat' dir='ltr'>perturbetur.</span> 
     </span>
    </p>
   </div>
   <div class='ocr_carea' id='block_1_5' title="bbox 658 847 1027 905">
    <p class='ocr_par' dir='ltr' id='par_1_5' title="bbox 658 847 1027 905">
     <span class='ocr_line' id='line_1_10' title="bbox 658 847 1027 905; baseline -0.003 0"><span class='ocrx_word' id='word_1_69' title='bbox 658 847 931 905; x_wconf 81' lang='lat' dir='ltr'>Corollar.</span> <span class='ocrx_word' id='word_1_70' title='bbox 979 867 1027 904; x_wconf 78' lang='lat'>2.</span> 
     </span>
    </p>
   </div>
   <div class='ocr_carea' id='block_1_6' title="bbox 187 934 1501 1246">
    <p class='ocr_par' dir='ltr' id='par_1_6' title="bbox 187 934 1501 1246">
     <span class='ocr_line' id='line_1_11' title="bbox 256 934 1496 991; baseline 0.005 -17"><span class='ocrx_word' id='word_1_71' title='bbox 256 945 294 981; x_wconf 75' lang='lat'>8.</span> <span class='ocrx_word' id='word_1_72' title='bbox 332 935 494 991; x_wconf 78' lang='lat' dir='ltr'>Quando</span> <span class='ocrx_word' id='word_1_73' title='bbox 535 943 660 974; x_wconf 84' lang='lat' dir='ltr'>autem</span> <span class='ocrx_word' id='word_1_74' title='bbox 705 934 847 987; x_wconf 77' lang='lat' dir='ltr'>lingulis</span> <span class='ocrx_word' id='word_1_75' title='bbox 889 935 1052 987; x_wconf 82' lang='lat' dir='ltr'>partibus</span> <span class='ocrx_word' id='word_1_76' title='bbox 1094 936 1227 976; x_wconf 85' lang='lat' dir='ltr'>diuerfi</span> <span class='ocrx_word' id='word_1_77' title='bbox 1260 947 1387 978; x_wconf 87' lang='lat' dir='ltr'>motus</span> <span class='ocrx_word' id='word_1_78' title='bbox 1420 940 1496 980; x_wconf 89' lang='lat' dir='ltr'>im-</span> 
     </span>
     <span class='ocr_line' id='line_1_12' title="bbox 191 996 1499 1056; baseline 0 -14"><span class='ocrx_word' id='word_1_79' title='bbox 191 1003 402 1056; x_wconf 83' lang='lat' dir='ltr'>primuntur</span> <span class='ocrx_word' id='word_1_80' title='bbox 421 1031 432 1050; x_wconf 79' lang='lat'>,</span> <span class='ocrx_word' id='word_1_81' title='bbox 477 997 550 1048; x_wconf 83' lang='lat' dir='ltr'>ita,</span> <span class='ocrx_word' id='word_1_82' title='bbox 587 1007 631 1036; x_wconf 86' lang='lat' dir='ltr'>vt</span> <span class='ocrx_word' id='word_1_83' title='bbox 661 997 823 1050; x_wconf 84' lang='lat' dir='ltr'>singulae</span> <span class='ocrx_word' id='word_1_84' title='bbox 850 996 952 1038; x_wconf 86' lang='lat' dir='ltr'>suum</span> <span class='ocrx_word' id='word_1_85' title='bbox 986 1008 1138 1039; x_wconf 89' lang='lat' dir='ltr'>motum</span> <span class='ocrx_word' id='word_1_86' title='bbox 1182 999 1398 1042; x_wconf 75' lang='lat' dir='ltr'>conseruare</span> <span class='ocrx_word' id='word_1_87' title='bbox 1430 1014 1499 1041; x_wconf 63' lang='lat' dir='ltr'>ne«</span> 
     </span>
     <span class='ocr_line' id='line_1_13' title="bbox 188 1060 1501 1119; baseline 0 -14"><span class='ocrx_word' id='word_1_88' title='bbox 188 1074 321 1119; x_wconf 82' lang='lat' dir='ltr'>queant</span> <span class='ocrx_word' id='word_1_89' title='bbox 340 1097 351 1116; x_wconf 83' lang='lat'>,</span> <span class='ocrx_word' id='word_1_90' title='bbox 400 1061 489 1116; x_wconf 86' lang='lat' dir='ltr'>qui-n</span> <span class='ocrx_word' id='word_1_91' title='bbox 523 1060 631 1102; x_wconf 70' lang='lat' dir='ltr'>simul</span> <span class='ocrx_word' id='word_1_92' title='bbox 664 1062 701 1101; x_wconf 88' lang='lat' dir='ltr'>in</span> <span class='ocrx_word' id='word_1_93' title='bbox 735 1060 885 1101; x_wconf 84' lang='lat' dir='ltr'>flexuris</span> <span class='ocrx_word' id='word_1_94' title='bbox 930 1073 952 1101; x_wconf 79' lang='lat' dir='ltr'>a</span> <span class='ocrx_word' id='word_1_95' title='bbox 994 1062 1190 1104; x_wconf 86' lang='lat' dir='ltr'>seinuicem</span> <span class='ocrx_word' id='word_1_96' title='bbox 1228 1064 1466 1105; x_wconf 70' lang='lat' dir='ltr'>dissoluantur</span> <span class='ocrx_word' id='word_1_97' title='bbox 1490 1098 1501 1118; x_wconf 83' lang='lat'>‚</span> 
     </span>
     <span class='ocr_line' id='line_1_14' title="bbox 187 1122 1497 1181; baseline 0.001 -12"><span class='ocrx_word' id='word_1_98' title='bbox 187 1139 272 1169; x_wconf 88' lang='lat' dir='ltr'>tum</span> <span class='ocrx_word' id='word_1_99' title='bbox 305 1127 355 1167; x_wconf 89' lang='lat' dir='ltr'>ob</span> <span class='ocrx_word' id='word_1_100' title='bbox 387 1126 424 1166; x_wconf 89' lang='lat' dir='ltr'>id</span> <span class='ocrx_word' id='word_1_101' title='bbox 457 1122 576 1177; x_wconf 66' lang='lat' dir='ltr'>iprum</span> <span class='ocrx_word' id='word_1_102' title='bbox 600 1154 611 1173; x_wconf 94' lang='lat'>‚</span> <span class='ocrx_word' id='word_1_103' title='bbox 646 1125 747 1177; x_wconf 81' lang='lat' dir='ltr'>quod</span> <span class='ocrx_word' id='word_1_104' title='bbox 780 1123 920 1164; x_wconf 84' lang='lat' dir='ltr'>flexura</span> <span class='ocrx_word' id='word_1_105' title='bbox 952 1125 1173 1167; x_wconf 68' lang='lat' dir='ltr'>dissolutioni</span> <span class='ocrx_word' id='word_1_106' title='bbox 1204 1126 1352 1181; x_wconf 76' lang='lat' dir='ltr'>resistit,</span> <span class='ocrx_word' id='word_1_107' title='bbox 1369 1137 1497 1170; x_wconf 77' lang='lat' dir='ltr'>motus</span> 
     </span>
     <span class='ocr_line' id='line_1_15' title="bbox 187 1186 702 1246; baseline -0.012 -14"><span class='ocrx_word' id='word_1_108' title='bbox 187 1192 350 1246; x_wconf 77' lang='lat' dir='ltr'>partium</span> <span class='ocrx_word' id='word_1_109' title='bbox 384 1186 702 1243; x_wconf 66' lang='lat' dir='ltr'>perturbabuntun</span> 
     </span>
    </p>
   </div>
   <div class='ocr_carea' id='block_1_7' title="bbox 185 1295 1498 1882">
    <p class='ocr_par' dir='ltr' id='par_1_7' title="bbox 657 1295 1018 1371">
     <span class='ocr_line' id='line_1_16' title="bbox 657 1295 1018 1371; baseline 0 -19"><span class='ocrx_word' id='word_1_110' title='bbox 657 1295 927 1353; x_wconf 77' lang='lat' dir='ltr'>Corollar.</span> <span class='ocrx_word' id='word_1_111' title='bbox 972 1317 1018 1371; x_wconf 66' lang='grc' dir='ltr'>ς.</span> 
     </span>
    </p>

    <p class='ocr_par' dir='ltr' id='par_1_8' title="bbox 185 1383 1498 1882">
     <span class='ocr_line' id='line_1_17' title="bbox 252 1383 1497 1440; baseline 0.002 -14"><span class='ocrx_word' id='word_1_112' title='bbox 252 1399 296 1436; x_wconf 88' lang='grc'>9.</span> <span class='ocrx_word' id='word_1_113' title='bbox 329 1384 419 1440; x_wconf 79' lang='lat' dir='ltr'>Quo</span> <span class='ocrx_word' id='word_1_114' title='bbox 439 1383 546 1435; x_wconf 84' lang='lat' dir='ltr'>igitur</span> <span class='ocrx_word' id='word_1_115' title='bbox 577 1392 771 1436; x_wconf 81' lang='lat' dir='ltr'>appareat,</span> <span class='ocrx_word' id='word_1_116' title='bbox 805 1394 931 1424; x_wconf 85' lang='lat' dir='ltr'>vtrum</span> <span class='ocrx_word' id='word_1_117' title='bbox 967 1396 1035 1437; x_wconf 87' lang='lat' dir='ltr'>per</span> <span class='ocrx_word' id='word_1_118' title='bbox 1066 1384 1249 1427; x_wconf 74' lang='lat' dir='ltr'>flexuram</span> <span class='ocrx_word' id='word_1_119' title='bbox 1270 1396 1398 1429; x_wconf 89' lang='lat' dir='ltr'>motus</span> <span class='ocrx_word' id='word_1_120' title='bbox 1416 1387 1497 1429; x_wconf 83' lang='lat' dir='ltr'>im-</span> 
     </span>
     <span class='ocr_line' id='line_1_18' title="bbox 191 1446 1498 1501; baseline 0.001 -10"><span class='ocrx_word' id='word_1_121' title='bbox 191 1459 357 1492; x_wconf 86' lang='lat' dir='ltr'>mutetur</span> <span class='ocrx_word' id='word_1_122' title='bbox 383 1480 394 1499; x_wconf 83' lang='lat'>,</span> <span class='ocrx_word' id='word_1_123' title='bbox 429 1446 658 1499; x_wconf 85' lang='lat' dir='ltr'>concipiatur</span> <span class='ocrx_word' id='word_1_124' title='bbox 688 1458 802 1487; x_wconf 85' lang='lat' dir='ltr'>nexus</span> <span class='ocrx_word' id='word_1_125' title='bbox 832 1447 957 1487; x_wconf 84' lang='lat' dir='ltr'>omnis</span> <span class='ocrx_word' id='word_1_126' title='bbox 988 1448 1025 1487; x_wconf 90' lang='lat' dir='ltr'>in</span> <span class='ocrx_word' id='word_1_127' title='bbox 1057 1448 1206 1490; x_wconf 86' lang='lat' dir='ltr'>flexuris</span> <span class='ocrx_word' id='word_1_128' title='bbox 1238 1450 1349 1501; x_wconf 84' lang='lat' dir='ltr'>tolli,</span> <span class='ocrx_word' id='word_1_129' title='bbox 1382 1464 1424 1492; x_wconf 87' lang='lat' dir='ltr'>ac</span> <span class='ocrx_word' id='word_1_130' title='bbox 1441 1452 1498 1492; x_wconf 89' lang='lat' dir='ltr'>di-</span> 
     </span>
     <span class='ocr_line' id='line_1_19' title="bbox 190 1509 1496 1567; baseline 0.002 -14"><span class='ocrx_word' id='word_1_131' title='bbox 190 1513 385 1567; x_wconf 81' lang='lat' dir='ltr'>spiciatur,</span> <span class='ocrx_word' id='word_1_132' title='bbox 418 1519 548 1548; x_wconf 76' lang='lat' dir='ltr'>vtmm</span> <span class='ocrx_word' id='word_1_133' title='bbox 570 1516 585 1560; x_wconf 68' lang='lat'>,&#39;</span> <span class='ocrx_word' id='word_1_134' title='bbox 616 1510 706 1549; x_wconf 89' lang='lat' dir='ltr'>dum</span> <span class='ocrx_word' id='word_1_135' title='bbox 741 1509 924 1562; x_wconf 80' lang='lat' dir='ltr'>quaelibet</span> <span class='ocrx_word' id='word_1_136' title='bbox 974 1523 1056 1563; x_wconf 83' lang='lat' dir='ltr'>pars</span> <span class='ocrx_word' id='word_1_137' title='bbox 1106 1523 1258 1553; x_wconf 88' lang='lat' dir='ltr'>motum</span> <span class='ocrx_word' id='word_1_138' title='bbox 1302 1513 1367 1554; x_wconf 88' lang='lat' dir='ltr'>fibi</span> <span class='ocrx_word' id='word_1_139' title='bbox 1416 1515 1496 1555; x_wconf 81' lang='lat' dir='ltr'>im-</span> 
     </span>
     <span class='ocr_line' id='line_1_20' title="bbox 193 1571 1495 1631; baseline 0.002 -15"><span class='ocrx_word' id='word_1_140' title='bbox 193 1576 352 1631; x_wconf 66' lang='lat' dir='ltr'>pressum</span> <span class='ocrx_word' id='word_1_141' title='bbox 389 1571 615 1627; x_wconf 83' lang='lat' dir='ltr'>prosequitur</span> <span class='ocrx_word' id='word_1_142' title='bbox 636 1605 646 1621; x_wconf 57' lang='lat'><em>7</em></span> <span class='ocrx_word' id='word_1_143' title='bbox 684 1574 831 1613; x_wconf 79' lang='lat' dir='ltr'>termini</span> <span class='ocrx_word' id='word_1_144' title='bbox 851 1605 862 1624; x_wconf 84' lang='lat'>,</span> <span class='ocrx_word' id='word_1_145' title='bbox 903 1575 965 1628; x_wconf 86' lang='lat' dir='ltr'>qui</span> <span class='ocrx_word' id='word_1_146' title='bbox 1005 1584 1090 1614; x_wconf 88' lang='lat' dir='ltr'>aute</span> <span class='ocrx_word' id='word_1_147' title='bbox 1130 1576 1171 1615; x_wconf 90' lang='lat' dir='ltr'>in</span> <span class='ocrx_word' id='word_1_148' title='bbox 1207 1576 1357 1616; x_wconf 80' lang='lat' dir='ltr'>flexuris</span> <span class='ocrx_word' id='word_1_149' title='bbox 1389 1587 1495 1618; x_wconf 82' lang='lat' dir='ltr'>erant</span> 
     </span>
     <span class='ocr_line' id='line_1_21' title="bbox 188 1635 1496 1693; baseline 0 -13"><span class='ocrx_word' id='word_1_150' title='bbox 188 1639 376 1680; x_wconf 68' lang='lat' dir='ltr'>couiuuCti</span> <span class='ocrx_word' id='word_1_151' title='bbox 395 1669 405 1687; x_wconf 81' lang='lat'>,</span> <span class='ocrx_word' id='word_1_152' title='bbox 438 1649 457 1675; x_wconf 82' lang='lat' dir='ltr'>a</span> <span class='ocrx_word' id='word_1_153' title='bbox 491 1635 525 1675; x_wconf 79' lang='lat' dir='ltr'>ie</span> <span class='ocrx_word' id='word_1_154' title='bbox 556 1636 720 1675; x_wconf 88' lang='lat' dir='ltr'>inuicem</span> <span class='ocrx_word' id='word_1_155' title='bbox 755 1636 942 1677; x_wconf 77' lang='lat' dir='ltr'>discedant</span> <span class='ocrx_word' id='word_1_156' title='bbox 962 1669 972 1688; x_wconf 87' lang='lat'>,</span> <span class='ocrx_word' id='word_1_157' title='bbox 1005 1650 1074 1678; x_wconf 87' lang='lat' dir='ltr'>nec</span> <span class='ocrx_word' id='word_1_158' title='bbox 1110 1651 1190 1693; x_wconf 68' lang='lat' dir='ltr'>ne3</span> <span class='ocrx_word' id='word_1_159' title='bbox 1235 1640 1351 1692; x_wconf 85' lang='lat' dir='ltr'>priori</span> <span class='ocrx_word' id='word_1_160' title='bbox 1389 1642 1496 1682; x_wconf 88' lang='lat' dir='ltr'>euim</span> 
     </span>
     <span class='ocr_line' id='line_1_22' title="bbox 188 1699 1496 1755; baseline 0 -12"><span class='ocrx_word' id='word_1_161' title='bbox 188 1703 271 1743; x_wconf 82' lang='lat' dir='ltr'>casu</span> <span class='ocrx_word' id='word_1_162' title='bbox 303 1702 464 1741; x_wconf 83' lang='lat' dir='ltr'>flexurae</span> <span class='ocrx_word' id='word_1_163' title='bbox 496 1701 549 1739; x_wconf 82' lang='lat' dir='ltr'>vis</span> <span class='ocrx_word' id='word_1_164' title='bbox 581 1699 649 1738; x_wconf 84' lang='lat' dir='ltr'>sese</span> <span class='ocrx_word' id='word_1_165' title='bbox 682 1699 722 1738; x_wconf 90' lang='lat' dir='ltr'>in</span> <span class='ocrx_word' id='word_1_166' title='bbox 753 1700 987 1740; x_wconf 84' lang='lat' dir='ltr'>continendis</span> <span class='ocrx_word' id='word_1_167' title='bbox 1017 1702 1180 1754; x_wconf 83' lang='lat' dir='ltr'>partibus</span> <span class='ocrx_word' id='word_1_168' title='bbox 1213 1714 1390 1755; x_wconf 77' lang='lat' dir='ltr'>exerens,</span> <span class='ocrx_word' id='word_1_169' title='bbox 1408 1716 1496 1743; x_wconf 82' lang='lat' dir='ltr'>mo-</span> 
     </span>
     <span class='ocr_line' id='line_1_23' title="bbox 189 1761 1496 1812; baseline 0.002 -7"><span class='ocrx_word' id='word_1_170' title='bbox 189 1771 272 1805; x_wconf 81' lang='lat' dir='ltr'>tum</span> <span class='ocrx_word' id='word_1_171' title='bbox 304 1762 464 1805; x_wconf 83' lang='lat' dir='ltr'>turbabit</span> <span class='ocrx_word' id='word_1_172' title='bbox 483 1793 494 1812; x_wconf 85' lang='lat'>,</span> <span class='ocrx_word' id='word_1_173' title='bbox 534 1762 654 1802; x_wconf 84' lang='lat' dir='ltr'>altero</span> <span class='ocrx_word' id='word_1_174' title='bbox 685 1774 778 1802; x_wconf 84' lang='lat' dir='ltr'>vero</span> <span class='ocrx_word' id='word_1_175' title='bbox 815 1761 895 1803; x_wconf 86' lang='lat' dir='ltr'>casu</span> <span class='ocrx_word' id='word_1_176' title='bbox 927 1773 1078 1805; x_wconf 91' lang='lat' dir='ltr'>motum</span> <span class='ocrx_word' id='word_1_177' title='bbox 1121 1765 1344 1806; x_wconf 69' lang='lat' dir='ltr'>iuuari-atum</span> <span class='ocrx_word' id='word_1_178' title='bbox 1384 1767 1496 1807; x_wconf 84' lang='lat' dir='ltr'>relin-</span> 
     </span>
     <span class='ocr_line' id='line_1_24' title="bbox 185 1838 287 1882; baseline 0 -14"><span class='ocrx_word' id='word_1_179' title='bbox 185 1838 287 1882; x_wconf 87' lang='lat' dir='ltr'>quet.</span> 
     </span>
    </p>
   </div>
   <div class='ocr_carea' id='block_1_8' title="bbox 257 1882 1493 2028">
    <p class='ocr_par' dir='ltr' id='par_1_9' title="bbox 257 1882 1493 2028">
     <span class='ocr_line' id='line_1_25' title="bbox 685 1882 962 1945; baseline 0.018 -5"><span class='ocrx_word' id='word_1_180' title='bbox 685 1882 962 1945; x_wconf 83' lang='lat' dir='ltr'>Scholion.</span> 
     </span>
     <span class='ocr_line' id='line_1_26' title="bbox 257 1972 1493 2028; baseline 0.004 -15"><span class='ocrx_word' id='word_1_181' title='bbox 257 1986 324 2014; x_wconf 86' lang='lat'>10.</span> <span class='ocrx_word' id='word_1_182' title='bbox 359 1974 425 2015; x_wconf 85' lang='lat' dir='ltr'>Ad</span> <span class='ocrx_word' id='word_1_183' title='bbox 459 1982 612 2015; x_wconf 86' lang='lat' dir='ltr'>motum</span> <span class='ocrx_word' id='word_1_184' title='bbox 647 1983 740 2025; x_wconf 87' lang='lat' dir='ltr'>ergo</span> <span class='ocrx_word' id='word_1_185' title='bbox 771 1972 939 2026; x_wconf 83' lang='lat' dir='ltr'>cuiusque</span> <span class='ocrx_word' id='word_1_186' title='bbox 970 1975 1136 2028; x_wconf 87' lang='lat' dir='ltr'>corporis</span> <span class='ocrx_word' id='word_1_187' title='bbox 1165 1975 1341 2017; x_wconf 77' lang='lat' dir='ltr'>flexibilis</span> <span class='ocrx_word' id='word_1_188' title='bbox 1373 1977 1493 2018; x_wconf 87' lang='lat' dir='ltr'>deter-</span> 
     </span>
    </p>
   </div>
   <div class='ocr_carea' id='block_1_9' title="bbox 193 2037 1490 2154">
    <p class='ocr_par' dir='ltr' id='par_1_10' title="bbox 193 2037 1490 2154">
     <span class='ocr_line' id='line_1_27' title="bbox 193 2037 1490 2090; baseline 0.003 -12"><span class='ocrx_word' id='word_1_189' title='bbox 193 2037 408 2078; x_wconf 84' lang='lat' dir='ltr'>minandum</span> <span class='ocrx_word' id='word_1_190' title='bbox 434 2070 442 2087; x_wconf 87' lang='lat'>,</span> <span class='ocrx_word' id='word_1_191' title='bbox 482 2037 640 2090; x_wconf 84' lang='lat' dir='ltr'>singulae</span> <span class='ocrx_word' id='word_1_192' title='bbox 675 2045 829 2090; x_wconf 87' lang='lat' dir='ltr'>partes,</span> <span class='ocrx_word' id='word_1_193' title='bbox 863 2037 960 2089; x_wconf 71' lang='lat' dir='ltr'>quasi</span> <span class='ocrx_word' id='word_1_194' title='bbox 993 2038 1092 2080; x_wconf 87' lang='lat' dir='ltr'>inter</span> <span class='ocrx_word' id='word_1_195' title='bbox 1123 2037 1158 2080; x_wconf 90' lang='lat' dir='ltr'>se</span> <span class='ocrx_word' id='word_1_196' title='bbox 1187 2040 1307 2083; x_wconf 83' lang='lat' dir='ltr'>effent</span> <span class='ocrx_word' id='word_1_197' title='bbox 1339 2040 1490 2083; x_wconf 84' lang='lat' dir='ltr'>diffolu-</span> 
     </span>
     <span class='ocr_line' id='line_1_28' title="bbox 255 2097 1487 2154; baseline 0.003 -15"><span class='ocrx_word' id='word_1_198' title='bbox 255 2097 362 2141; x_wconf 70' lang='lat' dir='ltr'>Tam.</span> <span class='ocrx_word' id='word_1_199' title='bbox 397 2100 523 2142; x_wconf 84' lang='lat' dir='ltr'>XIV.</span> <span class='ocrx_word' id='word_1_200' title='bbox 829 2099 866 2139; x_wconf 90' lang='lat' dir='ltr'><strong>A</strong></span> <span class='ocrx_word' id='word_1_201' title='bbox 899 2112 920 2139; x_wconf 86' lang='lat' dir='ltr'>a</span> <span class='ocrx_word' id='word_1_202' title='bbox 1409 2113 1487 2154; x_wconf 74' lang='lat' dir='ltr'>tae&gt;</span> 
     </span>
    </p>
   </div>
  </div>
 </body>
</html>
