2020 2668
453 129 544 172 2⁸⁶
775 124 1008 178 --eszgffiu
1043 120 1140 180 )0(
1178 119 1412 173 »32:359ssoe
1457 134 1462 139 -

501 234 608 298 DE
633 233 1096 295 TINCTVRIS
1139 225 1750 291 METALLORVM.

1009 358 1235 392 AVCTORE

873 411 1077 461 Michaele
1127 408 1369 470 Lomonosow.

1068 543 1107 593 5.
1146 555 1187 583 1.

468 612 693 760 Qaam
729 649 856 702 varia,
892 660 1011 705 eaque
1031 646 1252 690 admiranda
1273 657 1436 700 corpora
1468 644 1506 685 in
1539 642 1787 698 penetralibus

641 725 758 756 terrae
811 723 942 755 natura
976 722 1202 767 progenerat
1222 744 1233 764 ‚
1269 712 1312 752 iis
1345 710 1493 752 abunde
1525 707 1688 760 constat,
1709 708 1807 761 qui·.

469 782 535 822 bus
568 779 813 834 splendidiora
853 777 1182 830 Minerophylacia
1218 775 1421 828 aliqnando
1465 771 1685 826 perlustrare
1726 770 1792 811 fnit

471 844 617 896 volupe
636 876 647 895 ,
679 843 744 883 vel
776 853 868 897 quos
899 840 1109 881 tenebrosas
1126 849 1164 879 et
1187 837 1374 893 squ-allidas
1407 836 1548 878 fodinas
1582 845 1793 890 perreptare

474 920 554 949 non
590 907 796 947 distaeduit.
862 905 1056 960 Quaedam
1090 905 1195 944 enim
1228 902 1375 944 diuersis
1415 902 1531 955 iisque
1563 900 1796 952 elegantibus

474 971 661 1013 coloribus
694 969 825 1010 ludunt
861 978 971 1021 atque
1005 966 1242 1021 liiperbiunt3
1278 979 1346 1006 nec
1383 977 1468 1004 raro
1500 962 1698 1017 preciosius
1729 961 1795 1002 ali-

477 1036 565 1090 quid
599 1033 817 1074 mentiendo
851 1031 1123 1085 minerologiae
1156 1031 1290 1084 ignaris
1331 1030 1548 1082 imponunt.
1600 1025 1795 1068 Nonnulla

479 1109 608 1139 autem
641 1095 788 1136 sordido
820 1095 1012 1136 velamine
1045 1094 1225 1147 adoperta
1258 1092 1339 1133 sunt
1358 1125 1370 1144 ,
1404 1101 1442 1131 et
1475 1091 1580 1131 vilius
1598 1090 1797 1143 quicquam

480 1159 788 1215 repraesentando
808 1191 818 1210 ,
852 1157 1122 1210 imperitorum
1153 1156 1281 1196 oculos
1313 1155 1478 1195 eludunt.
1533 1153 1590 1194 lta
1611 1152 1796 1193 nobilium

481 1223 725 1267 metallorum
760 1220 867 1262 facies
901 1221 1124 1275 plerumque
1143 1218 1349 1259 obfuscatur
1370 1251 1380 1271 ,
1412 1217 1552 1258 fimatur
1570 1215 1674 1270 saepe
1694 1217 1802 1269 igno-

483 1290 634 1330 bilium.
706 1284 882 1339 Denique
919 1284 1082 1338 plurima
1116 1295 1248 1323 corum
1269 1283 1406 1336 figuras
1424 1279 1688 1334 praeseferunt,
1709 1291 1803 1333 quae

484 1353 571 1394 alias
604 1350 742 1391 telluris
776 1348 1010 1403 superficiem
1032 1380 1043 1400 ‚
1088 1347 1147 1387 vel
1181 1359 1264 1387 acra
1284 1379 1295 1398 ,
1343 1356 1404 1386 aut
1446 1356 1556 1398 aquas
1597 1343 1802 1397 incolunt·‚

482 1420 599 1470 eaque
631 1425 712 1454 tum
747 1413 834 1453 'vera
867 1411 1044 1452 animalia
1081 1421 1147 1450 aut
1182 1410 1404 1463 vegetabilia
1445 1407 1554 1459 sunt,
1595 1419 1631 1448 et
1664 1407 1805 1460 longis-

490 1481 589 1521 simo
623 1490 720 1518 acuo
755 1486 924 1530 petrcam
960 1476 1134 1515 duritiem
1157 1474 1329 1527 induerez,
1362 1483 1443 1513 tum
1480 1483 1583 1512 mera
1614 1472 1806 1512 minei-alia

487 1544 597 1594 sunt,
629 1551 665 1581 et
698 1541 857 1581 ludentis
889 1550 1040 1580 naturae
1075 1538 1249 1581 industria
1282 1549 1415 1578 corum
1450 1535 1612 1590 figuram
1663 1535 1729 1576 sibi
1761 1534 1805 1575 ad

493 1607 688 1649 sciuerunt.

608 1672 639 1719 ς.
666 1683 704 1708 2.
741 1666 827 1709 Nec
862 1666 1106 1708 metallorum
1128 1699 1139 1717 ‚
1171 1679 1267 1721 quac
1298 1665 1375 1707 iam
1410 1664 1599 1706 defaecata
1633 1663 1670 1704 in
1701 1661 1809 1703 vsum

490 1734 714 1777 adhibemus
735 1763 745 1782 ‚
779 1731 854 1772 sinc
888 1732 966 1785 pari
998 1731 1247 1772 admiratione
1281 1729 1473 1785 possumus
1518 1728 1685 1769 indolem
1715 1738 1811 1767 con-

497 1798 672 1851 templari
693 1831 702 1848 ,
735 1796 833 1850 quod
866 1805 947 1836 tam
980 1795 1077 1836 duro
1110 1794 1264 1849 corpori
1295 1805 1412 1835 tenax
1463 1791 1733 1845 tractabilisque
1755 1790 1811 1830 in·

496 1863 536 1902 sit
572 1863 788 1911 ‹luerint-as,
823 1860 997 1913 qnodque
1028 1871 1159 1899 caecos
1194 1860 1387 1900 montium
1430 1856 1580 1897 recessiis
1622 1866 1702 1895 tam
1744 1853 1812 1893 ful-

498 1926 583 1978 gida
618 1936 654 1964 ct
699 1925 779 1964 lucc
830 1924 961 1977 dieque
993 1922 1206 1975 digniss‘inia
1238 1936 1399 1976 corpora
1433 1929 1634 1972 occupent.
1687 1918 1813 1968 Atque

499 1990 584 2029 illae
618 1988 769 2040 quidem
805 1984 881 2026 sunt
901 2020 911 2036 ,
946 1988 1164 2041 qualitates,
1199 2000 1292 2040 quac
1326 1985 1475 2025 metalla
1509 1995 1530 2022 a
1566 1981 1713 2034 reliquis
1730 1993 1813 2020 cor-

502 2055 653 2107 poribus
683 2062 831 2103 optime
867 2051 1119 2103 distinguunt,
1155 2061 1196 2089 vt
1229 2062 1269 2090 ca
1305 2061 1372 2103 per
1405 2059 1563 2101 corpora
1605 2046 1741 2100 lulgida
1775 2055 1814 2084 ct

497 2115 651 2157 duc‘tilia
685 2125 847 2165 congrue
883 2114 1028 2154 deliniri
1061 2111 1210 2166 polline

1722 2172 1810 2222 §.2-
