2020 2668
495 115 583 153 332
652 96 777 144 DVO
811 91 972 141 NVMI
1012 90 1357 139 GELENSWM
1392 93 1752 142 ILLVSTRA‘H„

492 213 668 270 Ἱμέραν
708 207 770 254 ’ἔτι
810 206 1129 265 συνοικουμένην
1163 207 1319 266 ἴσμεν,
1349 204 1441 252 liu-re
1473 206 1622 254 Γέλαν.
1689 210 1817 254 Subiit.

491 279 628 321 scincet
665 277 800 318 ‘ortem
835 276 999 330 plur2u1n
1035 279 1071 315 in
1103 276 1240 315 eadem
1293 272 1404 316 influa
1453 276 1551 316 olim
1602 274 1814 316 florentissi-

495 354 647 384 marum
685 341 836 380 vrbium
859 373 870 391 ,
901 351 994 392 quae
1028 339 1222 392 pleraeque
1257 348 1345 379 tune
1377 349 1481 379 erant
1514 339 1704 392 pistorum
1741 340 1822 379 do·-

495 407 666 458 micilizi3
699 417 814 458 quum
855 413 1004 444 montes
1037 413 1076 442 et
1126 403 1356 456 campestres
1404 405 1575 456 regiones
1625 414 1819 457 equorum

496 473 689 521 boumque
723 478 854 521 greges
888 466 1110 520 pascentibus
1143 468 1312 509 Romani
1343 464 1595 507 tndidiss‘ent..

611 530 763 574 Mirum
795 543 910 584 quam
946 530 1069 583 inique
1116 528 1325 570 Siculorum
1346 560 1359 578 ‚
1410 530 1506 571 olim
1541 540 1622 570 tam
1672 538 1825 584 poten·

495 595 591 636 tium
611 628 621 647 ,
655 600 758 635 rebus
787 592 1041 634 consuluerunt
1062 608 1080 632 :.
1107 595 1206 633 vnde
1238 593 1354 634 numi.
1394 593 1629 634 coloniarum
1681 606 1719 635 et
1753 607 1815 635 vr·
1847 641 1850 644 ,

496 660 601 702 bium
624 690 634 707 ‚
672 660 708 699 in
742 658 996 711 Augustorum
1040 656 1230 697 honorem
1270 655 1343 697 cusi
1365 688 1387 708 „
1428 657 1479 697 de
1511 654 1655 697 Siculis.
1700 657 1820 699 mini·

497 735 608 764 mum
644 722 822 772 trahunt,
856 731 924 774 et,
957 720 982 761 si
1013 719 1111 760 reae
1144 721 1339 772 memini,
1370 731 1445 760 vna
1484 729 1629 760 tantum
1678 720 1820 762 Panor-

496 799 583 828 mus
617 788 654 827 in
689 787 747 827 iila
782 784 873 825 serie
895 817 907 836 ,
939 796 1007 824 nec
1041 783 1239 837 frequens,
1271 783 1507 836 conspicitur.
1575 784 1693 840 Quod
1736 793 1817 826 tan-

497 860 542 891 to
577 850 697 903 magis
746 848 1017 890 admirandum.
1058 848 1235 898 videtur,
1266 846 1294 888 fi
1327 847 1590 902 Hispaniarum
1613 879 1624 899 ,
1675 846 1820 901 Asiae,

495 913 699 967 Aegypti,
733 912 921 953 Thraciae
941 942 953 959 ‚
988 910 1156 952 Moesiae
1176 944 1186 962 ,
1228 910 1368 963 Ponti,
1414 911 1644 964 aliarumque
1690 923 1819 952 nemo-

496 976 719 1018 tissimarum
756 976 907 1015 vrbium
941 973 1080 1014 sortem
1114 973 1325 1014 feliciorem
1375 974 1618 1026 cogitamus:
1656 986 1827 1028 quarum.

497 1033 643 1082 multiie
675 1049 755 1078 tam
789 1036 962 1078 obscurae
996 1034 1129 1075 suntet
1148 1035 1411 1076 historicorum
1431 1038 1692 1077 monumentis
1711 1050 1819 1091 prae-

498 1103 661 1152 teritae,
698 1111 736 1140 vt
770 1112 977 1151 numquam
1013 1100 1051 1138 in
1083 1099 1174 1138 orbe
1208 1098 1309 1138 fuiffi:
1341 1101 1605 1150 noscerentur,
1653 1100 1721 1141 nisi
1756 1101 1817 1142 vi·

497 1166 593 1206 libus
611 1163 772 1204 metallis
789 1162 1047 1216 Augustorum
1074 1162 1197 1201 vultus
1213 1171 1254 1200 et
1272 1163 1447 1212 nomina,
1459 1173 1534 1202 vna
1553 1174 1642 1202 cum
1662 1162 1726 1203 suis
1744 1174 1818 1204 no-

499 1229 669 1269 minibus
697 1237 735 1265 et
769 1224 1021 1279 insignioribus
1054 1223 1163 1275 fatis,
1199 1223 1499 1278 commisissent3
1530 1237 1624 1279 quae
1664 1237 1821 1268 memo-

497 1293 596 1332 riam
632 1301 760 1330 earum
795 1289 961 1343 quotidie
994 1297 1179 1328 renouant
1213 1297 1253 1328 et
1285 1288 1331 1328 ad
1364 1300 1526 1329 omnem
1545 1321 1555 1338 ‚
1586 1300 1680 1342 quae
1719 1290 1829 1332 utte-

499 1366 553 1398 ωε
581 1363 751 1397 amatura
782 1363 821 1396 et
852 1352 994 1395 cultura
1025 1350 1080 1393 est
1098 1382 1112 1404 ,
1143 1350 1401 1408 posteritatem
1439 1361 1669 1409 propagant.
1814 1343 1818 1346 ’

1665 2120 1821 2169 Nvmx
