2020 2668
225 108 309 157 DE,
323 106 479 152 VERA
497 104 813 149 SIGNIFICAT.
823 103 1078 149 PROCESS.
1090 104 1145 147 M
1146 99 1420 150 AMILL.cet.
1435 118 1457 146 2
1467 111 1524 156 83

223 221 344 262 iorem
381 220 524 261 molem
559 229 598 260 et
628 218 895 260 crassitudinem
929 218 1166 270 excrescere,
1199 216 1257 258 sed
1275 216 1340 259 vbi
1358 219 1527 271 primum

224 297 278 324 ex
329 284 393 324 suis
441 283 543 323 fibris
591 283 849 323 medullaribus
880 282 1119 332 coaluerunt,
1155 290 1238 320 toto
1278 281 1406 322 itinere
1441 295 1530 323 ean-

222 348 311 387 dem
346 349 464 387 ferme
497 346 727 386 latitudinem
760 344 930 398 seruare,
969 357 1048 386 tum
1086 356 1176 384 vero
1195 376 1206 396 ,
1255 343 1319 384 vbi
1357 345 1422 386 offi
1454 347 1529 387 cri-

224 409 332 450 broso
363 410 408 450 ad
438 409 548 450 latera
579 409 705 449 cristae
735 408 822 462 galli
856 409 1102 458 incumbunt,
1137 419 1235 447 mox
1275 407 1315 446 in
1347 411 1531 450 extremi-

224 483 342 513 tatem
393 472 496 513 illam
548 472 771 524 turgidulam
810 471 957 512 oualem
992 481 1032 511 et
1064 469 1252 511 bulbosam
1302 468 1409 525 (Fig.
1430 471 1533 529 ΙΙΙ.)

225 536 501 590 intumescere·⁷
535 548 620 588 quas
668 535 924 575 extremitates
956 534 982 574 st
1012 535 1093 587 quis
1142 531 1200 588 ((5.
1221 531 1288 588 7.)
1338 535 1529 588 pupillares

224 609 284 639 aut
317 599 540 638 mamillarcs
573 597 693 638 dicere
712 598 831 649 velit,
867 610 932 637 me
963 597 1116 650 quidem
1152 597 1254 637 facile
1273 597 1528 640 assentientem

224 662 373 702 habebit
394 693 405 713 ,
435 661 648 701 dummodo
680 673 736 700 res
767 673 844 700 non
877 661 926 700 ita
957 661 1156 715 accipiatur
1174 692 1185 711 ,
1218 672 1258 701 ac
1285 660 1312 701 fi
1331 669 1430 704 totus
1449 670 1535 703 ner-'

224 737 292 765 vus
322 724 526 765 istiusmodi
559 723 673 776 figura
704 724 874 776 gaudeat.
1532 742 1533 745 =

339 788 370 834 ς.
400 800 466 837 14.
502 786 677 827 Alterum
708 798 845 826 neruos
874 785 943 826 hos
974 798 1051 825 non
1085 786 1181 826 adeo
1231 786 1395 838 perfecte
1444 800 1530 829 me-

223 850 379 891 dullares
410 850 480 890 else
500 881 511 900 ,
543 850 630 902 quin
665 862 761 889 vnus
791 857 830 888 et
861 849 953 888 alter
985 848 1120 887 tractus
1152 849 1316 888 cinereus
1348 850 1385 889 in
1405 853 1531 892 media

224 913 449 965 longitudine
485 922 709 964 transpareat
729 942 739 959 ,
773 921 810 950 et
843 921 1059 950 extremum
1091 911 1199 950 tuber
1230 910 1351 964 ipsum
1393 912 1530 955 ficiem

222 976 343 1027 magis
375 975 590 1014 corticalem
610 1006 621 1026 ,
653 985 691 1013 et
723 974 969 1014 subcineream
989 1006 1000 1027 ,
1031 974 1106 1014 fere
1137 973 1331 1027 glandulae
1376 976 1541 1031 pinealis‘

222 1039 260 1078 in
295 1038 453 1078 modum
476 1069 486 1089 ,
521 1049 607 1090 prae
637 1036 672 1077 se
702 1035 803 1077 ferat.

338 1101 372 1148 §.
399 1113 467 1148 15.
504 1100 606 1140 Haec
640 1102 860 1140 extremitas
876 1109 1000 1142 autem
1023 1101 1166 1141 tumida
1185 1133 1196 1152 ,
1215 1100 1331 1142 oualis
1365 1099 1425 1156 (ξ,
1442 1106 1529 1153 12.)

223 1172 260 1203 et
296 1162 497 1203 subcinerea
533 1160 704 1217 (§.13.)
741 1176 815 1203 non
850 1164 914 1203 nisi
948 1166 986 1204 in
1022 1163 1257 1204 cadaueribus
1275 1166 1543 1207 recentissimis*

223 1226 328 1266 facile
370 1226 566 1277 detegitur.
649 1226 749 1280 Quin
784 1226 888 1266 enim
940 1227 1108 1279 fingulari
1158 1227 1241 1279 piae
1291 1229 1532 1270 membranae

221 1290 340 1329 tunica
372 1288 615 1339 obuoluitur,
647 1301 736 1341 quae
770 1302 842 1328 vna
876 1301 963 1329 cum
1005 1289 1159 1330 neruulis
1202 1290 1238 1328 in
1272 1289 1354 1330 offis
1401 1292 1542 1333 cribri-'

221 1353 349 1392 formis
380 1351 559 1392 foramina
592 1351 800 1392 delcendit:
835 1352 921 1391 hinc
953 1352 1046 1392 illius
1081 1352 1325 1393 membranae
1372 1354 1523 1395 vasculis

224 1416 388 1465 irretita,
422 1425 460 1454 ct
491 1413 686 1454 accedente
721 1414 896 1455 leuissima
929 1415 1122 1467 putredine
1154 1415 1353 1467 diffluens,
1404 1419 1542 1458 etiam'

223 1479 379 1518 minima
419 1478 454 1517 vi
487 1478 523 1517 in
555 1477 735 1517 eleuando
767 1480 917 1518 cerebro
948 1477 1109 1518 adhibita
1128 1509 1139 1530 ,
1174 1490 1194 1518 a
1229 1478 1371 1532 reliquo
1408 1493 1523 1522 neruo

219 1542 459 1594 abrumpitur.

336 1605 368 1652 ξ.
395 1606 458 1642 16.
497 1602 537 1644 Si
569 1615 745 1657 quaeras,
779 1616 892 1657 quem
925 1605 1036 1658 igitur
1084 1603 1190 1644 Vsum
1233 1604 1289 1645 isti
1341 1605 1524 1658 processus

222 1669 261 1706 in
294 1668 407 1706 brutis
442 1667 622 1719 praestent
642 1697 654 1717 ‚
687 1677 724 1706 et
755 1679 864 1720 quare
895 1669 961 1708 illis
993 1667 1062 1707 sola
1095 1667 1200 1707 bruta
1217 1668 1426 1720 gaudeant,
1451 1669 1523 1710 ho-

224 1743 293 1770 mo
326 1740 447 1770 autem
482 1730 719 1780 destituatur,
769 1731 859 1771 haec
899 1733 993 1772 ratio
1026 1729 1124 1770 mihi
1166 1732 1277 1770 valde
1326 1733 1528 1784 probabilis

223 1794 381 1833 videtur.
446 1791 627 1846 Suppono
658 1792 887 1833 substantiam
919 1805 1123 1834 neruorum
1173 1793 1390 1835 olfiic‘tilium
1430 1797 1525 1837 adeo

223 1856 376 1896 mollem
402 1866 439 1894 et
463 1866 627 1895 teneram
659 1855 754 1907 elle,
789 1865 831 1895 vt
851 1857 985 1909 absque
1017 1855 1257 1897 sustentaculo
1289 1859 1328 1898 in
1361 1858 1524 1912 longitu-

222 1921 349 1960 dinem
400 1919 569 1970 protendi
623 1929 816 1971 nequeant.
900 1920 1020 1972 Atqui
1061 1931 1104 1959 os
1135 1919 1262 1960 frontis
1292 1921 1329 1961 in
1360 1921 1521 1963 homine

224 1982 328 2021 iuxta
362 1981 506 2021 cristam
543 1980 628 2035 galli
660 1983 834 2036 vtrinque
867 1984 906 2023 in
939 1983 1113 2035 laquearis
1144 1982 1310 2025 formam
1350 1985 1489 2025 elatum
1511 2018 1523 2038 ,

224 2054 381 2098 propter
413 2044 606 2088 oculorum
638 2045 802 2099 orbitas,
832 2046 928 2086 vltra
966 2045 1050 2089 offis
1086 2045 1290 2091 ethmoidis
1336 2047 1522 2090 laminam

819 2108 862 2152 N
880 2122 905 2150 n
926 2121 951 2150 2
1391 2109 1518 2168 perfog
