2020 2668
306 76 700 125 PRODVCENDA
732 76 898 124 NOVA
928 75 1296 127 TENTAMIN.A.
1391 75 1484 131 3-ιὲ

174 203 211 235 ta
243 192 287 234 ad
318 191 425 232 filum
457 190 611 232 fetreum
645 190 927 232 &certificatum
947 223 957 243 ,
976 190 1219 233 electrIcitatis
1237 191 1349 232 index
1367 224 1378 243 ,
1398 204 1483 233 ma-

176 269 224 297 uu
256 256 300 296 ad
334 255 487 294 alteram
521 255 802 294 extremitatem
834 254 1000 294 fi1sciolae
1032 254 1213 307 adplicata
1243 255 1382 295 receffit
1412 266 1483 308 pet

181 329 219 368 5.
253 318 347 358 min.
398 317 514 370 prim.
548 329 568 357 a
601 329 657 370 gr.
696 330 716 355 2
728 326 768 365 5.
802 316 848 357 ad
879 329 935 370 gr.
974 319 1017 356 6.
1083 315 1245 357 Fasciola
1265 330 1448 371 purpurea
1469 349 1482 370 ,

174 381 336 422 aurantia
355 412 367 431 ,
399 379 566 419 violacea
586 410 597 430 ,
628 379 758 418 eadem
790 379 934 419 ratione
966 380 1181 420 examinata
1214 381 1318 420 idem
1359 380 1483 424 obser-

176 453 308 484 vatum
355 441 438 492 est,
488 441 669 482 nimirum
720 441 886 482 indicem
934 453 956 482 a
988 455 1044 495 gr.
1082 453 1154 492 25.
1187 443 1233 483 ad
1264 455 1321 497 gr.
1356 447 1399 484 6.
1436 454 1478 493 5.

174 507 327 547 minutis
359 504 491 558 primis
519 503 712 545 receffisst-
775 504 939 546 Fasciola
971 505 1053 546 alba
1072 538 1083 558 ‚
1121 507 1321 558 coeruIea,
1372 507 1481 548 viridi

174 578 214 609 et
246 570 340 609 flaua
371 568 506 607 eadem
537 568 682 607 ratione
713 568 924 608 examinata
942 600 953 620 ‚
988 578 1027 617 5.
1063 569 1214 609 minutis
1244 570 1378 622 primis
1419 570 1480 610 in-

174 632 248 671 dex
281 645 300 671 a
334 642 389 683 gr.
426 640 498 678 25.
532 630 578 670 ad
608 641 664 682 gr.
705 635 742 670 8.
777 630 936 671 receffit.
1016 630 1138 686 Nigra
1185 643 1282 672 vero
1331 632 1481 673 fasciola

173 695 383 734 examinata
402 724 414 745 ,
450 706 490 743 3.
526 693 679 732 minutis
709 692 844 745 primis
873 693 1090 735 electricitas
1122 695 1266 747 prorsus
1297 696 1477 736 euanuiffe

173 755 361 796 obseruata
393 754 457 795 est.
523 753 643 794 Index
675 767 742 807 per
776 754 808 794 se
839 767 860 794 a
891 769 947 809 gr.
984 767 1056 806 25.
1089 757 1135 797 ad
1167 769 1222 810 gr.
1259 760 1299 796 6.
1320 759 1478 812 quinque

171 819 322 859 minutis
352 818 482 871 primis
513 817 716 858 recedebat.
780 817 881 858 Hinc
914 819 1073 861 iudicare
1105 819 1192 859 licet
1216 818 1397 860 fasciolam
1428 819 1483 860 ie·-

170 881 286 921 1ic21m
321 881 466 932 nigram
495 880 649 920 vnicam
689 880 862 920 deriuaffe
911 881 1192 922 electricitatem
1242 881 1452 923 senfibiliter
1468 913 1487 934 „

171 943 254 982 alias
292 953 387 981 vero
436 953 513 980 non
562 943 668 981 item.
703 940 742 981 Si
774 942 1085 983 humestabantur
1135 942 1302 985 fasciolae
1352 943 1483 985 statim

173 1004 299 1045 omnis
327 1002 546 1046 elestricitas
576 1003 758 1057 adplicata
791 1015 906 1045 manu
935 1003 1112 1048 ceffabat.

592 1112 886 1192 Experim.
928 1113 1077 1174 XIII.

286 1232 408 1273 Filum
442 1231 584 1272 lineum
619 1231 822 1272 candidum
861 1231 1121 1274 humectatum
1169 1232 1245 1274 eius
1292 1232 1486 1275 tenuitatis-

178 1304 219 1334 vt
254 1307 328 1346 24.
365 1295 425 1335 fila
454 1294 603 1347 longit:
640 1307 708 1343 19.
740 1296 817 1347 dig.
862 1294 988 1336 Lond.
1023 1297 1169 1349 pondus
1223 1299 1292 1336 16.
1344 1309 1481 1350 grano-

174 1369 260 1397 rum
292 1357 481 1398 efficerent
512 1388 523 1408 ,
554 1357 821 1412 imponebatur
853 1357 971 1397 ferreo
1001 1358 1067 1399 filo
1099 1369 1139 1399 et
1171 1358 1409 1401 electricitate
1433 1359 1481 1400 ad

173 1432 232 1472 gr.
270 1434 291 1459 2
301 1430 340 1469 ς.
373 1420 564 1472 excitata,
598 1431 727 1460 munus
756 1420 1007 1472 adplicabatur
1037 1422 1083 1462 ad
1119 1421 1227 1463 filum
1278 1422 1480 1464 humidum

174 1482 295 1523 statim
330 1482 548 1523 electricitas
579 1491 657 1523 tota
690 1483 867 1533 cessauit,
901 1495 970 1523 nec
1001 1485 1137 1525 restitui
1154 1486 1275 1539 potuit
1293 1499 1362 1538 per
1385 1496 1479 1525 con-

174 1546 358 1586 tinuatum
391 1545 538 1599 spharae
571 1554 736 1585 motum.
802 1545 1038 1586 Elec'tricitas
1069 1560 1165 1587 vero
1197 1561 1275 1588 non
1292 1547 1449 1588 ceflabat
1467 1578 1482 1599 ‚

175 1607 201 1647 fi
233 1609 351 1659 funis,
385 1620 436 1648 ex
470 1613 569 1648 108.
606 1607 677 1648 fili>
706 1607 831 1648 talibus
862 1610 1090 1662 compofitus
1122 1611 1228 1651 ficcus
1269 1609 1386 1651 ferreo
1411 1609 1481 1649 filo

176 1669 439 1723 imponebatur
470 1680 508 1709 et
540 1682 654 1711 manu
683 1670 907 1711 trahebatur.
973 1670 1140 1713 Ceffimte
1173 1684 1301 1714 tamen
1349 1671 1484 1726 sphae-

177 1744 238 1772 rae
271 1742 406 1784 motu,
437 1732 630 1773 interuallo
659 1734 764 1773 vnius
796 1733 932 1773 minuti
963 1737 1076 1787 primi
1110 1737 1222 1776 index
1252 1748 1271 1776 a
1303 1748 1359 1790 gr.
1406 1748 1429 1774 2
1439 1744 1481 1784 ς.

176 1795 222 1834 ad
254 1808 309 1847 gr.
349 1808 387 1835 1.
421 1795 626 1836 recedebat.
691 1795 789 1835 Hinc
821 1796 979 1837 iudicare
1010 1798 1096 1838 licet
1127 1800 1226 1839 funes
1257 1810 1306 1839 ex
1338 1797 1477 1849 (erico,

174 1855 361 1898 fillciendis
395 1858 612 1910 corporibus
643 1857 925 1900 electrificandis
944 1891 956 1912 2
986 1861 1143 1916 aptiores
1173 1860 1249 1902 effe
1267 1893 1278 1915 ,
1295 1873 1408 1916 quam
1426 1860 1483 1902 fu·

177 1930 241 1961 nes
271 1933 320 1964 ex
351 1920 428 1964 lino
458 1918 635 1962 confesti.

1395 2079 1479 2122 Ex-
