2020 2668
540 103 627 148 298
776 96 857 139 DE
889 93 1199 142 TINCTVRIS
1233 93 1651 142 METALLORVM.

531 209 639 251 alcali
671 210 806 252 arstius
839 211 1038 263 iunguntur
1057 243 1068 261 ,
1100 222 1149 250 eo
1182 211 1261 250 sunt
1293 212 1406 252 etiam
1442 209 1614 264 specifice
1644 210 1843 263 grauiores.

532 273 687 330 Quippe
722 275 851 327 pollex
883 275 1030 314 nubieus
1060 273 1135 314 olei
1162 274 1328 325 vitrioli,
1363 275 1463 327 quod
1497 286 1586 314 cum
1631 274 1757 326 (piritu
1777 273 1847 316 lid-

533 336 620 377 suris
650 338 704 378 est
738 338 906 378 eiusdem
941 338 1107 386 indolis,
1141 338 1327 395 ponderat
1361 337 1558 378 dmchmas
1591 346 1617 385 7
1654 347 1692 377 et
1726 349 1840 391 grana

536 411 614 452 59,
644 399 802 454 Spiritus
831 400 935 443 Nitri
965 402 1023 445 dr.
1055 405 1105 454 6,
1139 413 1196 454 gr.
1233 414 1323 457 243
1357 400 1515 455 Spiritus
1534 399 1606 441 filis
1637 401 1692 442 dr.
1718 410 1759 451 5.
1779 413 1838 456 gr.

534 476 622 516 49,
655 475 805 506 acetum
839 464 1059 505 destinatum
1091 465 1148 506 dr.
1188 474 1228 514 5.
1264 478 1322 519 gr.
1364 478 1437 505 11.
1471 460 1553 515 (²⁸⁸²)

645 528 679 577 §.
705 540 774 579 29.
809 528 905 570 Non
939 528 1099 569 absimili
1131 530 1275 569 ratione
1308 528 1633 569 intmnsmutandis
1683 528 1844 569 metallis

525 599 693 633 naturam
715 624 727 644 ,
761 591 949 633 artificum
983 592 1156 632 industria
1187 605 1305 644 opem
1325 591 1490 641 serente,
1517 592 1716 643 procedere
1742 590 1844 645 poffl:

522 655 756 697 arbitramur.
818 654 857 696 Si
890 655 1042 709 quidem
1075 654 1292 709 phlogiston
1324 656 1591 696 concentratius
1609 655 1740 709 ,quod
1760 667 1839 696 me-

522 718 610 759 talla
669 719 852 760 nobiliora
894 718 1036 772 tingit,
1087 718 1216 760 iisdem
1269 717 1413 759 firmius
1461 717 1627 759 adheret.
1711 718 1841 772 ltaque

519 782 547 823 fi
578 783 657 836 quis
689 783 728 823 in
758 794 840 824 arte
876 779 1066 835 Chymica
1104 781 1362 824 verffitiffimus
1409 782 1627 837 phlogiston
1677 795 1841 823 concen-

520 845 759 887 n-atiffimum
794 857 833 887 et
864 847 909 887 ab
941 846 1204 900 heterogeneis
1221 845 1452 888 solertissime
1471 844 1701 887 defficcatum
1727 845 1839 900 poffi-

517 908 587 949 det
605 941 615 959 ,
649 921 739 950 cum
773 909 924 951 metalla
956 909 1174 963 ignobiliora
1193 941 1205 960 ,
1236 909 1393 950 tinetum
1413 911 1623 964 impuriore
1657 907 1806 963 cxpulffi
1827 942 1838 960 ,

515 971 555 1011 in
573 971 838 1014 nobiliffimum
869 973 1066 1015 metallum
1099 973 1346 1028 praecipitare
1387 983 1424 1013 et
1465 984 1685 1014 conuertere
1732 971 1837 1026 porse

515 1035 717 1076 credimus.

596 1143 638 1180 (Ἴ
658 1145 884 1178 mauretiniam·
906 1147 938 1176 in
959 1146 1141 1188 &quistione
1162 1156 1234 1179 nonu
1254 1146 1453 1189 deponderidus
1473 1156 1499 1179 et
1518 1147 1659 1179 nenfimi·
1681 1157 1712 1190 p.
1736 1156 1810 1188 174.
