<?xml version="1.0" encoding="UTF-8"?>
<!DOCTYPE html PUBLIC "-//W3C//DTD XHTML 1.0 Transitional//EN"
    "http://www.w3.org/TR/xhtml1/DTD/xhtml1-transitional.dtd">
<html xmlns="http://www.w3.org/1999/xhtml" xml:lang="en" lang="en">
 <head>
  <title>
</title>
<meta http-equiv="Content-Type" content="text/html;charset=utf-8" />
  <meta name='ocr-system' content='tesseract 3.04.00' />
  <meta name='ocr-capabilities' content='ocr_page ocr_carea ocr_par ocr_line ocrx_word'/>
</head>
<body>
  <div class='ocr_page' id='page_1' title='image "./commentariiacade14impe/commentariiacade14impe_0213.png"; bbox 0 0 2020 2668; ppageno 0'>
   <div class='ocr_carea' id='block_1_1' title="bbox 257 106 1477 163">
    <p class='ocr_par' dir='ltr' id='par_1_1' title="bbox 257 106 1477 163">
     <span class='ocr_line' id='line_1_1' title="bbox 257 106 1477 163; baseline -0.005 -3"><span class='ocrx_word' id='word_1_1' title='bbox 257 114 327 160; x_wconf 83' lang='lat' dir='ltr'>IN</span> <span class='ocrx_word' id='word_1_2' title='bbox 359 107 780 159; x_wconf 83' lang='lat' dir='ltr'><em>ERINACEORVM</em></span> <span class='ocrx_word' id='word_1_3' title='bbox 813 108 972 154; x_wconf 85' lang='lat' dir='ltr'><em>TERR.</em></span> <span class='ocrx_word' id='word_1_4' title='bbox 1003 106 1355 157; x_wconf 84' lang='lat' dir='ltr'><em>ANATOMEN.</em></span> <span class='ocrx_word' id='word_1_5' title='bbox 1392 120 1477 163; x_wconf 81' lang='lat'>205</span> 
     </span>
    </p>
   </div>
   <div class='ocr_carea' id='block_1_2' title="bbox 191 224 1492 345">
    <p class='ocr_par' dir='ltr' id='par_1_2' title="bbox 191 224 1492 345">
     <span class='ocr_line' id='line_1_2' title="bbox 191 224 1492 280; baseline -0.004 -9"><span class='ocrx_word' id='word_1_6' title='bbox 191 241 286 271; x_wconf 88' lang='lat' dir='ltr'>num</span> <span class='ocrx_word' id='word_1_7' title='bbox 320 241 342 269; x_wconf 88' lang='lat' dir='ltr'>e</span> <span class='ocrx_word' id='word_1_8' title='bbox 373 226 530 280; x_wconf 74' lang='lat' dir='ltr'>simplici</span> <span class='ocrx_word' id='word_1_9' title='bbox 560 238 670 267; x_wconf 70' lang='lat' dir='ltr'>cauea</span> <span class='ocrx_word' id='word_1_10' title='bbox 698 225 902 276; x_wconf 84' lang='lat' dir='ltr'>duntaxat,</span> <span class='ocrx_word' id='word_1_11' title='bbox 932 236 978 265; x_wconf 83' lang='lat' dir='ltr'>an</span> <span class='ocrx_word' id='word_1_12' title='bbox 1029 236 1123 265; x_wconf 87' lang='lat' dir='ltr'>vero</span> <span class='ocrx_word' id='word_1_13' title='bbox 1169 225 1245 266; x_wconf 84' lang='lat' dir='ltr'>alio</span> <span class='ocrx_word' id='word_1_14' title='bbox 1292 224 1492 266; x_wconf 57' lang='lat' dir='ltr'>structurae</span> 
     </span>
     <span class='ocr_line' id='line_1_3' title="bbox 191 287 1487 345; baseline -0.004 -13"><span class='ocrx_word' id='word_1_15' title='bbox 191 304 325 345; x_wconf 85' lang='lat' dir='ltr'><strong>genere</strong></span> <span class='ocrx_word' id='word_1_16' title='bbox 347 321 358 341; x_wconf 90' lang='lat'><strong>‚</strong></span> <span class='ocrx_word' id='word_1_17' title='bbox 392 290 569 330; x_wconf 80' lang='lat' dir='ltr'>vesiculae</span> <span class='ocrx_word' id='word_1_18' title='bbox 599 288 765 328; x_wconf 85' lang='lat' dir='ltr'>constent</span> <span class='ocrx_word' id='word_1_19' title='bbox 784 320 794 340; x_wconf 88' lang='lat'>‚</span> <span class='ocrx_word' id='word_1_20' title='bbox 825 289 871 329; x_wconf 83' lang='lat' dir='ltr'>ad</span> <span class='ocrx_word' id='word_1_21' title='bbox 903 287 977 328; x_wconf 91' lang='lat' dir='ltr'>hoc</span> <span class='ocrx_word' id='word_1_22' title='bbox 995 296 1145 340; x_wconf 85' lang='lat' dir='ltr'>tempus</span> <span class='ocrx_word' id='word_1_23' title='bbox 1162 320 1173 339; x_wconf 89' lang='lat'>,</span> <span class='ocrx_word' id='word_1_24' title='bbox 1191 296 1236 328; x_wconf 83' lang='lat' dir='ltr'>vt</span> <span class='ocrx_word' id='word_1_25' title='bbox 1254 287 1371 328; x_wconf 84' lang='lat' dir='ltr'>multa</span> <span class='ocrx_word' id='word_1_26' title='bbox 1389 288 1457 328; x_wconf 79' lang='lat' dir='ltr'>alia</span> <span class='ocrx_word' id='word_1_27' title='bbox 1473 319 1487 340; x_wconf 88' lang='lat'>,</span> 
     </span>
    </p>
   </div>
   <div class='ocr_carea' id='block_1_3' title="bbox 187 349 1494 470">
    <p class='ocr_par' dir='ltr' id='par_1_3' title="bbox 187 349 1494 470">
     <span class='ocr_line' id='line_1_4' title="bbox 190 349 1494 406; baseline -0.001 -13"><span class='ocrx_word' id='word_1_28' title='bbox 190 355 404 406; x_wconf 82' lang='lat' dir='ltr'>ignoramus</span> <span class='ocrx_word' id='word_1_29' title='bbox 424 386 434 405; x_wconf 88' lang='lat'>,</span> <span class='ocrx_word' id='word_1_30' title='bbox 468 365 558 405; x_wconf 74' lang='lat' dir='ltr'>quae</span> <span class='ocrx_word' id='word_1_31' title='bbox 589 350 683 391; x_wconf 83' lang='lat' dir='ltr'>secus</span> <span class='ocrx_word' id='word_1_32' title='bbox 712 362 754 390; x_wconf 85' lang='lat' dir='ltr'>ac</span> <span class='ocrx_word' id='word_1_33' title='bbox 785 350 950 391; x_wconf 88' lang='lat' dir='ltr'>nonnulli</span> <span class='ocrx_word' id='word_1_34' title='bbox 981 350 1195 392; x_wconf 82' lang='lat' dir='ltr'>existimant</span> <span class='ocrx_word' id='word_1_35' title='bbox 1213 383 1224 405; x_wconf 86' lang='lat'>‚</span> <span class='ocrx_word' id='word_1_36' title='bbox 1264 349 1426 394; x_wconf 85' lang='lat' dir='ltr'>absolute</span> <span class='ocrx_word' id='word_1_37' title='bbox 1443 350 1494 393; x_wconf 81' lang='lat' dir='ltr'>ab</span> 
     </span>
     <span class='ocr_line' id='line_1_5' title="bbox 187 411 863 470; baseline -0.007 -12"><span class='ocrx_word' id='word_1_38' title='bbox 187 425 381 459; x_wconf 79' lang='lat' dir='ltr'>anatomes</span> <span class='ocrx_word' id='word_1_39' title='bbox 412 414 593 470; x_wconf 86' lang='lat' dir='ltr'>potestate</span> <span class='ocrx_word' id='word_1_40' title='bbox 623 414 738 454; x_wconf 83' lang='lat' dir='ltr'>aliena</span> <span class='ocrx_word' id='word_1_41' title='bbox 767 411 863 454; x_wconf 88' lang='lat' dir='ltr'>sunt.</span> 
     </span>
    </p>
   </div>
   <div class='ocr_carea' id='block_1_4' title="bbox 326 533 1355 680">
    <p class='ocr_par' dir='ltr' id='par_1_4' title="bbox 326 533 1355 680">
     <span class='ocr_line' id='line_1_6' title="bbox 326 533 1355 600; baseline 0 -1"><span class='ocrx_word' id='word_1_42' title='bbox 326 533 753 600; x_wconf 83' lang='lat' dir='ltr'>Animaduerfio</span> <span class='ocrx_word' id='word_1_43' title='bbox 794 535 868 596; x_wconf 91' lang='lat' dir='ltr'>de</span> <span class='ocrx_word' id='word_1_44' title='bbox 910 539 1067 596; x_wconf 87' lang='lat' dir='ltr'>nouis</span> <span class='ocrx_word' id='word_1_45' title='bbox 1128 539 1355 599; x_wconf 80' lang='lat' dir='ltr'>renibus</span> 
     </span>
     <span class='ocr_line' id='line_1_7' title="bbox 626 621 1058 680; baseline 0 0"><span class='ocrx_word' id='word_1_46' title='bbox 626 621 1058 680; x_wconf 83' lang='lat' dir='ltr'>succenturiatis.</span> 
     </span>
    </p>
   </div>
   <div class='ocr_carea' id='block_1_5' title="bbox 192 709 1509 1985">
    <p class='ocr_par' dir='ltr' id='par_1_5' title="bbox 192 709 1509 1985">
     <span class='ocr_line' id='line_1_8' title="bbox 311 709 1500 789; baseline 0.003 -13"><span class='ocrx_word' id='word_1_47' title='bbox 311 709 432 776; x_wconf 85' lang='lat' dir='ltr'>Cum</span> <span class='ocrx_word' id='word_1_48' title='bbox 467 743 619 789; x_wconf 85' lang='lat' dir='ltr'>coeptas</span> <span class='ocrx_word' id='word_1_49' title='bbox 647 734 919 776; x_wconf 82' lang='lat' dir='ltr'>obseruationes</span> <span class='ocrx_word' id='word_1_50' title='bbox 948 735 995 775; x_wconf 86' lang='lat' dir='ltr'>de</span> <span class='ocrx_word' id='word_1_51' title='bbox 1024 734 1193 776; x_wconf 88' lang='lat' dir='ltr'>minimis</span> <span class='ocrx_word' id='word_1_52' title='bbox 1233 735 1384 777; x_wconf 88' lang='lat' dir='ltr'>renibus</span> <span class='ocrx_word' id='word_1_53' title='bbox 1424 735 1500 779; x_wconf 86' lang='lat' dir='ltr'>suc·</span> 
     </span>
     <span class='ocr_line' id='line_1_9' title="bbox 193 797 1499 852; baseline 0.002 -13"><span class='ocrx_word' id='word_1_54' title='bbox 193 799 406 840; x_wconf 84' lang='lat' dir='ltr'>centuriatis</span> <span class='ocrx_word' id='word_1_55' title='bbox 437 810 457 838; x_wconf 86' lang='lat' dir='ltr'>a</span> <span class='ocrx_word' id='word_1_56' title='bbox 489 799 640 838; x_wconf 88' lang='lat' dir='ltr'>nemine</span> <span class='ocrx_word' id='word_1_57' title='bbox 671 798 791 838; x_wconf 80' lang='lat' dir='ltr'>adhuc</span> <span class='ocrx_word' id='word_1_58' title='bbox 824 797 1038 850; x_wconf 84' lang='lat' dir='ltr'>descriptis,</span> <span class='ocrx_word' id='word_1_59' title='bbox 1067 807 1154 837; x_wconf 83' lang='lat' dir='ltr'>ante</span> <span class='ocrx_word' id='word_1_60' title='bbox 1201 800 1349 852; x_wconf 76' lang='lat' dir='ltr'>aliquod</span> <span class='ocrx_word' id='word_1_61' title='bbox 1397 809 1499 841; x_wconf 88' lang='lat' dir='ltr'>tem·</span> 
     </span>
     <span class='ocr_line' id='line_1_10' title="bbox 192 860 1499 915; baseline 0.002 -14"><span class='ocrx_word' id='word_1_62' title='bbox 192 874 261 915; x_wconf 89' lang='lat' dir='ltr'>pus</span> <span class='ocrx_word' id='word_1_63' title='bbox 291 861 520 902; x_wconf 78' lang='lat' dir='ltr'>Academiae</span> <span class='ocrx_word' id='word_1_64' title='bbox 560 860 698 900; x_wconf 91' lang='lat' dir='ltr'>iudicio</span> <span class='ocrx_word' id='word_1_65' title='bbox 747 860 1043 900; x_wconf 82' lang='lat' dir='ltr'>submitteremus</span> <span class='ocrx_word' id='word_1_66' title='bbox 1061 890 1072 909; x_wconf 87' lang='lat'>‚</span> <span class='ocrx_word' id='word_1_67' title='bbox 1122 871 1188 899; x_wconf 85' lang='lat' dir='ltr'>eos</span> <span class='ocrx_word' id='word_1_68' title='bbox 1218 862 1384 902; x_wconf 87' lang='lat' dir='ltr'>diximus</span> <span class='ocrx_word' id='word_1_69' title='bbox 1402 895 1413 914; x_wconf 87' lang='lat'>‚</span> <span class='ocrx_word' id='word_1_70' title='bbox 1445 862 1499 902; x_wconf 56' lang='lat' dir='ltr'>fiz-</span> 
     </span>
     <span class='ocr_line' id='line_1_11' title="bbox 196 922 1498 975; baseline 0.002 -13"><span class='ocrx_word' id='word_1_71' title='bbox 196 923 296 963; x_wconf 82' lang='lat' dir='ltr'>brica</span> <span class='ocrx_word' id='word_1_72' title='bbox 338 932 377 962; x_wconf 89' lang='lat' dir='ltr'>et</span> <span class='ocrx_word' id='word_1_73' title='bbox 408 922 680 962; x_wconf 79' lang='lat' dir='ltr'>conditionibus</span> <span class='ocrx_word' id='word_1_74' title='bbox 727 922 878 962; x_wconf 89' lang='lat' dir='ltr'>internis</span> <span class='ocrx_word' id='word_1_75' title='bbox 896 953 907 971; x_wconf 89' lang='lat'>,</span> <span class='ocrx_word' id='word_1_76' title='bbox 957 933 977 962; x_wconf 85' lang='lat' dir='ltr'>a</span> <span class='ocrx_word' id='word_1_77' title='bbox 1010 922 1265 975; x_wconf 83' lang='lat' dir='ltr'>glandularum</span> <span class='ocrx_word' id='word_1_78' title='bbox 1317 926 1498 965; x_wconf 79' lang='lat' dir='ltr'>renalium</span> 
     </span>
     <span class='ocr_line' id='line_1_12' title="bbox 196 984 1500 1038; baseline 0.001 -11"><span class='ocrx_word' id='word_1_79' title='bbox 196 984 386 1027; x_wconf 86' lang='lat' dir='ltr'>Eustachii</span> <span class='ocrx_word' id='word_1_80' title='bbox 419 995 546 1024; x_wconf 80' lang='lat' dir='ltr'>natura</span> <span class='ocrx_word' id='word_1_81' title='bbox 566 1016 576 1035; x_wconf 84' lang='lat'>,</span> <span class='ocrx_word' id='word_1_82' title='bbox 611 985 772 1025; x_wconf 89' lang='lat' dir='ltr'>minime</span> <span class='ocrx_word' id='word_1_83' title='bbox 803 985 1003 1038; x_wconf 75' lang='lat' dir='ltr'>distrepare</span> <span class='ocrx_word' id='word_1_84' title='bbox 1021 1017 1032 1037; x_wconf 86' lang='lat'>‚</span> <span class='ocrx_word' id='word_1_85' title='bbox 1085 997 1128 1025; x_wconf 77' lang='lat' dir='ltr'>ac</span> <span class='ocrx_word' id='word_1_86' title='bbox 1159 995 1201 1026; x_wconf 76' lang='lat' dir='ltr'>vt</span> <span class='ocrx_word' id='word_1_87' title='bbox 1229 985 1370 1027; x_wconf 87' lang='lat' dir='ltr'>horum</span> <span class='ocrx_word' id='word_1_88' title='bbox 1418 999 1500 1028; x_wconf 89' lang='lat' dir='ltr'>em-</span> 
     </span>
     <span class='ocr_line' id='line_1_13' title="bbox 195 1047 1500 1101; baseline 0.002 -12"><span class='ocrx_word' id='word_1_89' title='bbox 195 1049 357 1100; x_wconf 87' lang='lat' dir='ltr'>bryones</span> <span class='ocrx_word' id='word_1_90' title='bbox 375 1081 386 1098; x_wconf 92' lang='lat'>,</span> <span class='ocrx_word' id='word_1_91' title='bbox 424 1047 564 1100; x_wconf 77' lang='lat' dir='ltr'>aequali</span> <span class='ocrx_word' id='word_1_92' title='bbox 615 1049 753 1088; x_wconf 89' lang='lat' dir='ltr'>cortice</span> <span class='ocrx_word' id='word_1_93' title='bbox 770 1080 782 1099; x_wconf 88' lang='lat'>,</span> <span class='ocrx_word' id='word_1_94' title='bbox 830 1059 941 1089; x_wconf 75' lang='lat' dir='ltr'>cauea</span> <span class='ocrx_word' id='word_1_95' title='bbox 972 1060 1014 1088; x_wconf 85' lang='lat' dir='ltr'>ac</span> <span class='ocrx_word' id='word_1_96' title='bbox 1047 1048 1187 1101; x_wconf 85' lang='lat' dir='ltr'>liquore</span> <span class='ocrx_word' id='word_1_97' title='bbox 1237 1050 1429 1092; x_wconf 72' lang='lat' dir='ltr'>constare:</span> <span class='ocrx_word' id='word_1_98' title='bbox 1460 1053 1500 1091; x_wconf 90' lang='lat' dir='ltr'>in</span> 
     </span>
     <span class='ocr_line' id='line_1_14' title="bbox 196 1109 1500 1165; baseline 0.002 -13"><span class='ocrx_word' id='word_1_99' title='bbox 196 1111 256 1152; x_wconf 90' lang='lat' dir='ltr'>his</span> <span class='ocrx_word' id='word_1_100' title='bbox 275 1143 286 1162; x_wconf 82' lang='lat'>,</span> <span class='ocrx_word' id='word_1_101' title='bbox 316 1120 361 1150; x_wconf 83' lang='lat' dir='ltr'>vt</span> <span class='ocrx_word' id='word_1_102' title='bbox 392 1110 539 1150; x_wconf 60' lang='lat' dir='ltr'>dietum</span> <span class='ocrx_word' id='word_1_103' title='bbox 570 1109 651 1162; x_wconf 89' lang='lat' dir='ltr'>est,</span> <span class='ocrx_word' id='word_1_104' title='bbox 683 1111 805 1151; x_wconf 82' lang='lat' dir='ltr'>moles</span> <span class='ocrx_word' id='word_1_105' title='bbox 836 1111 1039 1164; x_wconf 78' lang='lat' dir='ltr'>perexigua</span> <span class='ocrx_word' id='word_1_106' title='bbox 1057 1141 1068 1160; x_wconf 94' lang='lat'>‚</span> <span class='ocrx_word' id='word_1_107' title='bbox 1122 1123 1265 1165; x_wconf 88' lang='lat' dir='ltr'>nempe</span> <span class='ocrx_word' id='word_1_108' title='bbox 1299 1123 1344 1153; x_wconf 86' lang='lat' dir='ltr'>vt</span> <span class='ocrx_word' id='word_1_109' title='bbox 1373 1114 1500 1155; x_wconf 76' lang='lat' dir='ltr'>semen</span> 
     </span>
     <span class='ocr_line' id='line_1_15' title="bbox 196 1172 1504 1229; baseline 0.003 -15"><span class='ocrx_word' id='word_1_110' title='bbox 196 1174 294 1225; x_wconf 84' lang='lat' dir='ltr'>lini,</span> <span class='ocrx_word' id='word_1_111' title='bbox 326 1174 389 1213; x_wconf 85' lang='lat' dir='ltr'>vel</span> <span class='ocrx_word' id='word_1_112' title='bbox 421 1182 466 1212; x_wconf 85' lang='lat' dir='ltr'>vt</span> <span class='ocrx_word' id='word_1_113' title='bbox 496 1185 651 1225; x_wconf 81' lang='lat' dir='ltr'>granum</span> <span class='ocrx_word' id='word_1_114' title='bbox 683 1173 827 1226; x_wconf 78' lang='lat' dir='ltr'>sinapi,</span> <span class='ocrx_word' id='word_1_115' title='bbox 860 1173 922 1213; x_wconf 87' lang='lat' dir='ltr'>vel</span> <span class='ocrx_word' id='word_1_116' title='bbox 956 1172 1215 1227; x_wconf 80' lang='lat' dir='ltr'>magnitudinis</span> <span class='ocrx_word' id='word_1_117' title='bbox 1264 1177 1378 1229; x_wconf 86' lang='lat' dir='ltr'>paulo</span> <span class='ocrx_word' id='word_1_118' title='bbox 1418 1189 1504 1218; x_wconf 78' lang='lat' dir='ltr'>ma·</span> 
     </span>
     <span class='ocr_line' id='line_1_16' title="bbox 198 1234 1500 1294; baseline 0.003 -17"><span class='ocrx_word' id='word_1_119' title='bbox 198 1237 288 1278; x_wconf 91' lang='lat' dir='ltr'>ioris</span> <span class='ocrx_word' id='word_1_120' title='bbox 307 1269 318 1288; x_wconf 88' lang='lat'>,</span> <span class='ocrx_word' id='word_1_121' title='bbox 368 1235 431 1276; x_wconf 89' lang='lat' dir='ltr'>vel</span> <span class='ocrx_word' id='word_1_122' title='bbox 461 1237 507 1276; x_wconf 86' lang='lat' dir='ltr'>ad</span> <span class='ocrx_word' id='word_1_123' title='bbox 539 1234 726 1276; x_wconf 88' lang='lat' dir='ltr'>summum</span> <span class='ocrx_word' id='word_1_124' title='bbox 766 1244 810 1276; x_wconf 83' lang='lat' dir='ltr'>vt</span> <span class='ocrx_word' id='word_1_125' title='bbox 840 1237 986 1290; x_wconf 70' lang='lat' dir='ltr'>pisum:</span> <span class='ocrx_word' id='word_1_126' title='bbox 1039 1236 1155 1288; x_wconf 77' lang='lat' dir='ltr'>figura</span> <span class='ocrx_word' id='word_1_127' title='bbox 1188 1237 1336 1290; x_wconf 83' lang='lat' dir='ltr'>globosa</span> <span class='ocrx_word' id='word_1_128' title='bbox 1369 1249 1412 1280; x_wconf 86' lang='lat' dir='ltr'>vt</span> <span class='ocrx_word' id='word_1_129' title='bbox 1444 1241 1500 1294; x_wconf 84' lang='lat' dir='ltr'>pi-</span> 
     </span>
     <span class='ocr_line' id='line_1_17' title="bbox 200 1298 1500 1351; baseline 0.002 -11"><span class='ocrx_word' id='word_1_130' title='bbox 200 1301 276 1341; x_wconf 84' lang='lat' dir='ltr'>sum</span> <span class='ocrx_word' id='word_1_131' title='bbox 297 1332 307 1351; x_wconf 81' lang='lat'>,</span> <span class='ocrx_word' id='word_1_132' title='bbox 340 1299 403 1339; x_wconf 86' lang='lat' dir='ltr'>vel</span> <span class='ocrx_word' id='word_1_133' title='bbox 435 1298 597 1351; x_wconf 86' lang='lat' dir='ltr'>elliptica</span> <span class='ocrx_word' id='word_1_134' title='bbox 629 1307 674 1338; x_wconf 87' lang='lat' dir='ltr'>vt</span> <span class='ocrx_word' id='word_1_135' title='bbox 704 1299 831 1339; x_wconf 74' lang='lat' dir='ltr'>[emen</span> <span class='ocrx_word' id='word_1_136' title='bbox 879 1299 976 1340; x_wconf 89' lang='lat' dir='ltr'>lini:</span> <span class='ocrx_word' id='word_1_137' title='bbox 1029 1298 1137 1340; x_wconf 88' lang='lat' dir='ltr'>color</span> <span class='ocrx_word' id='word_1_138' title='bbox 1164 1313 1298 1342; x_wconf 86' lang='lat' dir='ltr'>renum</span> <span class='ocrx_word' id='word_1_139' title='bbox 1348 1303 1500 1345; x_wconf 78' lang='lat' dir='ltr'>similis:</span> 
     </span>
     <span class='ocr_line' id='line_1_18' title="bbox 197 1362 1503 1416; baseline 0.002 -12"><span class='ocrx_word' id='word_1_140' title='bbox 197 1363 296 1404; x_wconf 70' lang='lat' dir='ltr'>stdes</span> <span class='ocrx_word' id='word_1_141' title='bbox 326 1372 369 1402; x_wconf 88' lang='lat' dir='ltr'>vt</span> <span class='ocrx_word' id='word_1_142' title='bbox 402 1362 606 1416; x_wconf 89' lang='lat' dir='ltr'>plurimum</span> <span class='ocrx_word' id='word_1_143' title='bbox 639 1373 740 1414; x_wconf 89' lang='lat' dir='ltr'>pone</span> <span class='ocrx_word' id='word_1_144' title='bbox 772 1374 900 1403; x_wconf 88' lang='lat' dir='ltr'>renem</span> <span class='ocrx_word' id='word_1_145' title='bbox 931 1363 1233 1403; x_wconf 76' lang='lat' dir='ltr'>succenturiatum</span> <span class='ocrx_word' id='word_1_146' title='bbox 1267 1374 1345 1406; x_wconf 78' lang='lat' dir='ltr'>tam</span> <span class='ocrx_word' id='word_1_147' title='bbox 1372 1367 1503 1407; x_wconf 85' lang='lat' dir='ltr'>dexte-</span> 
     </span>
     <span class='ocr_line' id='line_1_19' title="bbox 199 1423 1500 1479; baseline 0.001 -12"><span class='ocrx_word' id='word_1_148' title='bbox 199 1439 283 1468; x_wconf 88' lang='lat' dir='ltr'>rum</span> <span class='ocrx_word' id='word_1_149' title='bbox 318 1437 430 1478; x_wconf 78' lang='lat' dir='ltr'>quam</span> <span class='ocrx_word' id='word_1_150' title='bbox 464 1426 608 1465; x_wconf 77' lang='lat' dir='ltr'>laeuum</span> <span class='ocrx_word' id='word_1_151' title='bbox 632 1458 641 1474; x_wconf 85' lang='grc'><strong><em>,</em></strong></span> <span class='ocrx_word' id='word_1_152' title='bbox 676 1423 738 1464; x_wconf 92' lang='lat' dir='ltr'>sub</span> <span class='ocrx_word' id='word_1_153' title='bbox 769 1428 970 1466; x_wconf 86' lang='lat' dir='ltr'>communi</span> <span class='ocrx_word' id='word_1_154' title='bbox 1002 1425 1156 1479; x_wconf 83' lang='lat' dir='ltr'>adiposo</span> <span class='ocrx_word' id='word_1_155' title='bbox 1187 1427 1411 1470; x_wconf 87' lang='lat' dir='ltr'>inuolucro:</span> <span class='ocrx_word' id='word_1_156' title='bbox 1445 1429 1500 1469; x_wconf 83' lang='lat' dir='ltr'>di-</span> 
     </span>
     <span class='ocr_line' id='line_1_20' title="bbox 198 1486 1503 1542; baseline 0.002 -12"><span class='ocrx_word' id='word_1_157' title='bbox 198 1490 325 1531; x_wconf 76' lang='lat' dir='ltr'>stantia</span> <span class='ocrx_word' id='word_1_158' title='bbox 353 1487 496 1528; x_wconf 85' lang='lat' dir='ltr'>alterius</span> <span class='ocrx_word' id='word_1_159' title='bbox 525 1488 571 1527; x_wconf 83' lang='lat' dir='ltr'>ab</span> <span class='ocrx_word' id='word_1_160' title='bbox 604 1486 722 1527; x_wconf 81' lang='lat' dir='ltr'>altero</span> <span class='ocrx_word' id='word_1_161' title='bbox 736 1490 955 1541; x_wconf 75' lang='lat' dir='ltr'>pereXIgua:</span> <span class='ocrx_word' id='word_1_162' title='bbox 987 1490 1159 1542; x_wconf 82' lang='lat' dir='ltr'>quinimo</span> <span class='ocrx_word' id='word_1_163' title='bbox 1191 1490 1390 1533; x_wconf 84' lang='lat' dir='ltr'>amborum</span> <span class='ocrx_word' id='word_1_164' title='bbox 1408 1504 1503 1533; x_wconf 90' lang='lat' dir='ltr'>con-</span> 
     </span>
     <span class='ocr_line' id='line_1_21' title="bbox 199 1551 1500 1608; baseline 0.001 -14"><span class='ocrx_word' id='word_1_165' title='bbox 199 1551 346 1595; x_wconf 63' lang='lat' dir='ltr'>iundtio</span> <span class='ocrx_word' id='word_1_166' title='bbox 377 1560 417 1590; x_wconf 90' lang='lat' dir='ltr'>et</span> <span class='ocrx_word' id='word_1_167' title='bbox 448 1551 608 1591; x_wconf 88' lang='lat' dir='ltr'>accretio</span> <span class='ocrx_word' id='word_1_168' title='bbox 638 1551 679 1590; x_wconf 94' lang='lat' dir='ltr'>in</span> <span class='ocrx_word' id='word_1_169' title='bbox 710 1551 892 1592; x_wconf 84' lang='lat' dir='ltr'>nonnullis</span> <span class='ocrx_word' id='word_1_170' title='bbox 924 1553 1140 1594; x_wconf 74' lang='lat' dir='ltr'>manifesta:</span> <span class='ocrx_word' id='word_1_171' title='bbox 1173 1554 1258 1606; x_wconf 86' lang='lat' dir='ltr'>post</span> <span class='ocrx_word' id='word_1_172' title='bbox 1287 1554 1379 1596; x_wconf 79' lang='lat' dir='ltr'>haec</span> <span class='ocrx_word' id='word_1_173' title='bbox 1397 1588 1408 1608; x_wconf 87' lang='lat'>,</span> <span class='ocrx_word' id='word_1_174' title='bbox 1435 1568 1500 1595; x_wconf 89' lang='lat' dir='ltr'>nu-</span> 
     </span>
     <span class='ocr_line' id='line_1_22' title="bbox 200 1612 1501 1669; baseline 0.002 -12"><span class='ocrx_word' id='word_1_175' title='bbox 200 1627 349 1658; x_wconf 88' lang='lat' dir='ltr'>merum</span> <span class='ocrx_word' id='word_1_176' title='bbox 384 1614 635 1666; x_wconf 84' lang='lat' dir='ltr'>multiplicem</span> <span class='ocrx_word' id='word_1_177' title='bbox 666 1612 766 1654; x_wconf 75' lang='lat' dir='ltr'>fuisse</span> <span class='ocrx_word' id='word_1_178' title='bbox 798 1615 991 1669; x_wconf 87' lang='lat' dir='ltr'>diximus,</span> <span class='ocrx_word' id='word_1_179' title='bbox 1042 1616 1227 1657; x_wconf 89' lang='lat' dir='ltr'>interdum</span> <span class='ocrx_word' id='word_1_180' title='bbox 1278 1631 1410 1659; x_wconf 87' lang='lat' dir='ltr'>renum</span> <span class='ocrx_word' id='word_1_181' title='bbox 1444 1617 1501 1659; x_wconf 88' lang='lat' dir='ltr'>su-</span> 
     </span>
     <span class='ocr_line' id='line_1_23' title="bbox 201 1677 1505 1736; baseline 0.003 -18"><span class='ocrx_word' id='word_1_182' title='bbox 201 1677 507 1719; x_wconf 78' lang='lat' dir='ltr'>ccenturiatorum</span> <span class='ocrx_word' id='word_1_183' title='bbox 541 1689 703 1716; x_wconf 88' lang='lat' dir='ltr'>numero</span> <span class='ocrx_word' id='word_1_184' title='bbox 734 1678 923 1730; x_wconf 83' lang='lat' dir='ltr'>aequalem</span> <span class='ocrx_word' id='word_1_185' title='bbox 942 1711 952 1729; x_wconf 88' lang='lat'>,</span> <span class='ocrx_word' id='word_1_186' title='bbox 992 1678 1096 1732; x_wconf 67' lang='lat' dir='ltr'>saepe</span> <span class='ocrx_word' id='word_1_187' title='bbox 1138 1679 1344 1721; x_wconf 68' lang='lat' dir='ltr'>auctiorem</span> <span class='ocrx_word' id='word_1_188' title='bbox 1364 1714 1375 1734; x_wconf 81' lang='lat'>‚</span> <span class='ocrx_word' id='word_1_189' title='bbox 1416 1682 1505 1736; x_wconf 88' lang='lat' dir='ltr'>quin</span> 
     </span>
     <span class='ocr_line' id='line_1_24' title="bbox 201 1738 1507 1797; baseline 0.003 -17"><span class='ocrx_word' id='word_1_190' title='bbox 201 1741 286 1783; x_wconf 87' lang='lat' dir='ltr'>imo</span> <span class='ocrx_word' id='word_1_191' title='bbox 336 1739 445 1779; x_wconf 90' lang='lat' dir='ltr'>semel</span> <span class='ocrx_word' id='word_1_192' title='bbox 482 1751 562 1778; x_wconf 86' lang='lat' dir='ltr'>vno</span> <span class='ocrx_word' id='word_1_193' title='bbox 598 1738 707 1779; x_wconf 82' lang='lat' dir='ltr'>latere</span> <span class='ocrx_word' id='word_1_194' title='bbox 744 1742 974 1783; x_wconf 78' lang='lat' dir='ltr'>ternarium:</span> <span class='ocrx_word' id='word_1_195' title='bbox 1007 1741 1100 1782; x_wconf 82' lang='lat' dir='ltr'>haec</span> <span class='ocrx_word' id='word_1_196' title='bbox 1130 1744 1262 1783; x_wconf 80' lang='lat' dir='ltr'>omnia</span> <span class='ocrx_word' id='word_1_197' title='bbox 1310 1745 1507 1797; x_wconf 85' lang='lat' dir='ltr'>postremo</span> 
     </span>
     <span class='ocr_line' id='line_1_25' title="bbox 202 1801 1507 1858; baseline 0.005 -15"><span class='ocrx_word' id='word_1_198' title='bbox 202 1801 401 1858; x_wconf 87' lang='lat' dir='ltr'>perspicuis</span> <span class='ocrx_word' id='word_1_199' title='bbox 432 1801 617 1854; x_wconf 84' lang='lat' dir='ltr'>exemplis</span> <span class='ocrx_word' id='word_1_200' title='bbox 647 1803 821 1842; x_wconf 89' lang='lat' dir='ltr'>omnium</span> <span class='ocrx_word' id='word_1_201' title='bbox 855 1803 960 1845; x_wconf 86' lang='lat' dir='ltr'>huius</span> <span class='ocrx_word' id='word_1_202' title='bbox 1007 1807 1149 1857; x_wconf 83' lang='lat' dir='ltr'>generis</span> <span class='ocrx_word' id='word_1_203' title='bbox 1180 1818 1201 1846; x_wconf 84' lang='lat' dir='ltr'>a</span> <span class='ocrx_word' id='word_1_204' title='bbox 1234 1807 1342 1848; x_wconf 90' lang='lat' dir='ltr'>nobis</span> <span class='ocrx_word' id='word_1_205' title='bbox 1387 1809 1507 1850; x_wconf 89' lang='lat' dir='ltr'>obser-</span> 
     </span>
     <span class='ocr_line' id='line_1_26' title="bbox 203 1864 1509 1924; baseline 0.005 -17"><span class='ocrx_word' id='word_1_206' title='bbox 203 1876 381 1907; x_wconf 86' lang='lat' dir='ltr'>vatorum</span> <span class='ocrx_word' id='word_1_207' title='bbox 414 1877 544 1904; x_wconf 88' lang='lat' dir='ltr'>renum</span> <span class='ocrx_word' id='word_1_208' title='bbox 568 1864 814 1905; x_wconf 78' lang='lat' dir='ltr'>minimorum</span> <span class='ocrx_word' id='word_1_209' title='bbox 849 1869 986 1908; x_wconf 83' lang='lat' dir='ltr'>tamin</span> <span class='ocrx_word' id='word_1_210' title='bbox 1018 1868 1216 1909; x_wconf 82' lang='lat' dir='ltr'>masculino</span> <span class='ocrx_word' id='word_1_211' title='bbox 1240 1883 1352 1924; x_wconf 83' lang='lat' dir='ltr'>quam</span> <span class='ocrx_word' id='word_1_212' title='bbox 1371 1871 1509 1914; x_wconf 83' lang='lat' dir='ltr'>foemi-</span> 
     </span>
     <span class='ocr_line' id='line_1_27' title="bbox 205 1927 1507 1985; baseline 0.005 -15"><span class='ocrx_word' id='word_1_213' title='bbox 205 1930 296 1970; x_wconf 90' lang='lat' dir='ltr'>nino</span> <span class='ocrx_word' id='word_1_214' title='bbox 327 1927 413 1968; x_wconf 65' lang='lat' dir='ltr'>flexu</span> <span class='ocrx_word' id='word_1_215' title='bbox 446 1927 728 1979; x_wconf 81' lang='lat' dir='ltr'>illustrauimus‚</span> <span class='ocrx_word' id='word_1_216' title='bbox 762 1940 804 1968; x_wconf 81' lang='lat' dir='ltr'>ac</span> <span class='ocrx_word' id='word_1_217' title='bbox 836 1931 875 1969; x_wconf 90' lang='lat' dir='ltr'>in</span> <span class='ocrx_word' id='word_1_218' title='bbox 908 1930 1010 1984; x_wconf 87' lang='lat' dir='ltr'>spem</span> <span class='ocrx_word' id='word_1_219' title='bbox 1045 1932 1231 1985; x_wconf 78' lang='lat' dir='ltr'>optimam</span> <span class='ocrx_word' id='word_1_220' title='bbox 1264 1934 1413 1975; x_wconf 65' lang='lat' dir='ltr'>addusti</span> <span class='ocrx_word' id='word_1_221' title='bbox 1440 1935 1507 1977; x_wconf 88' lang='lat' dir='ltr'>fui-</span> 
     </span>
    </p>
   </div>
   <div class='ocr_carea' id='block_1_6' title="bbox 207 1990 1506 2112">
    <p class='ocr_par' dir='ltr' id='par_1_6' title="bbox 207 1990 1506 2112">
     <span class='ocr_line' id='line_1_28' title="bbox 207 1990 1506 2052; baseline 0.005 -20"><span class='ocrx_word' id='word_1_222' title='bbox 207 2004 314 2042; x_wconf 87' lang='lat' dir='ltr'>mus,</span> <span class='ocrx_word' id='word_1_223' title='bbox 347 1990 450 2044; x_wconf 79' lang='lat' dir='ltr'>plura</span> <span class='ocrx_word' id='word_1_224' title='bbox 481 2003 523 2031; x_wconf 78' lang='lat' dir='ltr'>ea</span> <span class='ocrx_word' id='word_1_225' title='bbox 554 1991 599 2031; x_wconf 89' lang='lat' dir='ltr'>de</span> <span class='ocrx_word' id='word_1_226' title='bbox 630 1991 945 2047; x_wconf 78' lang='lat' dir='ltr'>recognoscendi,</span> <span class='ocrx_word' id='word_1_227' title='bbox 977 1993 1003 2035; x_wconf 83' lang='lat' dir='ltr'>fi</span> <span class='ocrx_word' id='word_1_228' title='bbox 1036 2008 1174 2052; x_wconf 88' lang='lat' dir='ltr'>nempe</span> <span class='ocrx_word' id='word_1_229' title='bbox 1219 1996 1375 2039; x_wconf 86' lang='lat' dir='ltr'>aliorum</span> <span class='ocrx_word' id='word_1_230' title='bbox 1422 1998 1506 2039; x_wconf 84' lang='lat' dir='ltr'>dili-</span> 
     </span>
     <span class='ocr_line' id='line_1_29' title="bbox 207 2053 798 2112; baseline -0.003 -17"><span class='ocrx_word' id='word_1_231' title='bbox 207 2056 332 2112; x_wconf 80' lang='lat' dir='ltr'>gentia</span> <span class='ocrx_word' id='word_1_232' title='bbox 363 2062 402 2096; x_wconf 91' lang='lat' dir='ltr'>et</span> <span class='ocrx_word' id='word_1_233' title='bbox 431 2053 574 2097; x_wconf 83' lang='lat' dir='ltr'>solertia</span> <span class='ocrx_word' id='word_1_234' title='bbox 602 2056 798 2098; x_wconf 83' lang='lat' dir='ltr'>acceffen&#39;t.</span> 
     </span>
    </p>
   </div>
   <div class='ocr_carea' id='block_1_7' title="bbox 778 2116 1515 2176">
    <p class='ocr_par' dir='ltr' id='par_1_7' title="bbox 778 2116 1515 2176">
     <span class='ocr_line' id='line_1_30' title="bbox 778 2116 1515 2176; baseline -0.012 0"><span class='ocrx_word' id='word_1_235' title='bbox 778 2116 815 2176; x_wconf 73' lang='lat' dir='ltr'>‚C</span> <span class='ocrx_word' id='word_1_236' title='bbox 846 2131 867 2161; x_wconf 85' lang='lat' dir='ltr'><strong>c</strong></span> <span class='ocrx_word' id='word_1_237' title='bbox 903 2129 929 2172; x_wconf 72' lang='lat' dir='ltr'>a</span> <span class='ocrx_word' id='word_1_238' title='bbox 1376 2122 1515 2169; x_wconf 62' lang='lat' dir='ltr'>Duno</span> 
     </span>
    </p>
   </div>
  </div>
 </body>
</html>
