2020 2668
506 130 527 167 3
539 120 596 168 56
820 106 1037 157 M'MVS
1069 110 1105 154 C
1107 106 1468 155 TRENAEORV
1468 108 1522 150 M

618 229 745 283 Caput
777 229 815 267 in
849 224 996 267 aduersa
1031 234 1138 280 parte
1174 222 1437 265 Menckeniani
1474 223 1624 278 meique
1645 225 1748 265 numi
1770 222 1824 266 est

504 295 602 335 Iouis
641 291 878 340 Ammonis,
927 291 1140 330 diademate
1173 297 1213 328 et
1246 299 1361 327 cornu
1392 299 1413 326 ιι
1449 289 1680 341 temporibus·
1733 302 1806 342 pro

502 361 675 398 minente
711 355 988 408 conspicnum3
1042 352 1279 393 simillimum
1301 384 1311 402 ,
1345 350 1370 391 si
1404 351 1576 391 diadema
1628 354 1822 406 excipias,

503 423 552 462 illi
588 421 910 473 Mitylen-acorum
934 450 944 467 ,
976 417 1076 472 quod
1115 415 1229 456 MOR
1244 413 1434 457 ELLIVS
1476 412 1623 470 specim.
1683 416 1821 457 XXV.

500 485 672 526 exhibuit
698 496 789 524 cum
822 481 1034 536 epigmplxe
1065 479 1225 522 OEOC
1258 480 1339 520 ΑΜ
1352 478 1504 520 ΜΩΝ.
1547 478 1621 520 Sed
1663 479 1824 522 Hardui·

500 550 606 589 niana
641 547 845 590 delineatio
878 545 981 586 Iouis
1013 545 1219 586 Ammonis
1256 543 1473 583 maximam
1497 553 1623 583 notam
1646 556 1790 594 ,corun
1812 576 1824 596 ,

498 613 670 654 omittit:
707 611 942 664 omninoque
974 609 1121 649 videtur
1156 607 1216 647 ille
1251 618 1383 646 numus
1415 617 1480 645 aut
1520 606 1634 647 alium
1687 605 1820 648 Iouem

497 677 707 728 exhibere,
741 685 804 716 ant
837 672 1028 714 aduersam
1066 680 1215 725 partem
1250 670 1428 710 detritam
1465 669 1716 724 velaerugine
1736 682 1824 710 exe·-

495 739 570 781 lam
607 741 772 782 habnill'e
792 772 802 791 ,
837 739 919 791 quia
953 736 1090 790 reliqua
1124 735 1238 774 etiam
1276 734 1405 787 imago
1444 733 1607 773 multum
1627 732 1820 787 discrepat.

494 804 569 847 Sed
604 807 651 847 dc
686 804 778 845 Ioue
812 803 1015 843 Ammone
1050 798 1143 839 nihil
1177 797 1299 838 liabeo
1331 798 1431 852 quod
1466 810 1563 838 nunc
1597 797 1735 839 addam
1762 809 1821 839 to-

496 872 563 910 ties
596 871 676 911 iam
709 867 818 909 dictis
851 875 890 906 et
923 865 1057 917 vbique
1090 863 1223 903 obuiis.

614 963 660 1004 In
693 960 812 1003 auersa
847 959 980 1014 pagina
1016 959 1147 999 sistitur
1181 957 1288 997 nobis
1320 957 1442 1010 aquila
1486 957 1609 1008 stans,
1660 955 1723 997 alis
1757 957 1819 997 de-

498 1027 641 1078 miss'is,
674 1028 797 1080 quieta
832 1035 871 1064 et
904 1021 1024 1063 otiosa
1044 1053 1056 1071 ‚
1091 1019 1191 1061 Iouis
1222 1019 1363 1059 fulmen
1400 1021 1544 1073 vngulis
1576 1021 1644 1060 iuis
1676 1031 1819 1061 tenens.

495 1092 745 1146 Quantopere
778 1086 1005 1128 Ptolemaeis
1037 1085 1129 1126 haec
1149 1083 1310 1123 volucris
1328 1084 1505 1136 placuerit
1525 1115 1535 1134 ,
1568 1085 1710 1124 docent
1737 1084 1822 1138 plu-

494 1154 582 1194 rimi
616 1165 753 1193 eorum
784 1151 924 1198 numi,
963 1149 1026 1202 qui
1057 1147 1162 1188 illam
1211 1145 1434 1199 praeferunt.
1517 1145 1591 1188 Sed
1626 1148 1751 1188 videas
1780 1148 1822 1187 in

495 1217 672 1271 aliquibus
702 1216 864 1256 eandem
900 1223 980 1253 non
1023 1209 1276 1266 quiescentem
1298 1240 1309 1258 ,
1358 1221 1492 1250 verum
1527 1209 1599 1250 alas
1631 1210 1677 1251 ad
1715 1210 1821 1252 vola-

496 1291 579 1321 tum
614 1280 879 1334 pandentem,
921 1289 1010 1329 quin
1042 1274 1208 1315 omnino
1257 1273 1466 1314 volantem.
1536 1273 1635 1313 Tam
1688 1273 1819 1316 diuerfi

499 1344 644 1386 habitus
675 1345 858 1384 rationem
893 1341 1054 1394 aliquam
1090 1337 1223 1378 subcss‘e
1258 1337 1366 1378 valde
1401 1337 1590 1390 probabile
1642 1338 1788 1378 videtur
1808 1371 1820 1390 ,

497 1419 566 1459 et,
602 1408 667 1448 nisi
699 1420 762 1448 me
795 1406 927 1447 omnia
960 1403 1118 1455 fallunt,
1151 1401 1302 1455 optime
1336 1413 1422 1441 eam
1457 1401 1568 1441 docet
1621 1398 1815 1442 PINDA-

495 1470 600 1515 RVS
623 1505 634 1524 ,
668 1471 815 1526 quando
848 1468 1036 1509 eximiam
1070 1464 1165 1506 suam
1200 1463 1413 1516 citharam,
1464 1464 1659 1518 Apollinis
1687 1465 1814 1506 inuen-

496 1546 578 1577 tum
598 1569 610 1587 ,
643 1535 744 1589 qnod
781 1535 859 1574 iure
892 1529 1253 1573 communicationis
1288 1526 1421 1569 Musae
1453 1529 1570 1570 ctiam
1600 1527 1821 1585 poffidcnt,

496 1600 545 1641 ita
579 1599 829 1640 commendat
849 1612 856 1637 :

607 1694 690 1737 Καὶ
731 1689 803 1734 τὸν
836 1685 1058 1749 αἰχματὰν
1090 1683 1279 1742 κεραυνέν
1307 1683 1505 1745 σβεννὺῆς

610 1756 791 1801 Αἐννάου
828 1752 985 1812 ωυξός.
1017 1750 1119 1795 ''Eu-

609 1822 668 1865 δει
701 1818 781 1866 α’νά.
812 1814 1004 1871 σκάωἾῳ
1045 1812 1143 1866 Διὲς
1176 1810 1326 1870 οἶιεἾΞς,
1359 1812 1414 1859 ὦ·

609 1886 710 1929 κείαν
747 1878 939 1941 π’]έςυγ’
971 1877 1234 1938 α’μΦστὲξω-

612 1951 670 1992 θεν
703 1946 911 2007 χαλάέοᾳς

610 2010 742 2071 ᾰξχές
784 2009 951 2060 οἰωνῶν,
994 2006 1182 2065 κελεᾳνὶὖ·

610 2093 699 2121 ww
733 2074 771 2116 ὸ’
798 2074 881 2118 ἔται
917 2073 950 2116 ὁι
981 2070 1158 2128 νεφέλαν

1623 2135 1810 2194 ἀγκύλῳ
