2020 2668
419 113 778 161 PTOLEMAEO
809 112 1160 160 INSCRIPTVS.
1391 118 1474 162 361

170 242 208 280 5.
230 241 269 272 et
289 233 363 272 tab.
383 229 517 272 XVII.
537 243 642 270 num.
666 242 706 279 9.
727 227 1071 283 quibusTraianum
1084 224 1295 279 Augustum
1313 224 1375 266 sub
1391 226 1476 279 pal-

164 296 217 334 lio
249 294 347 335 Ionis
379 304 415 333 et
447 294 599 333 fulmine
633 294 708 332 eius
740 291 1001 332 consistentem
1021 289 1269 342 adspicimus:
1312 301 1475 341 quorum

170 358 284 409 priori
337 356 670 404 circumsribitur,
723 368 769 394 ne
802 356 847 393 de
899 352 993 392 sensu
1046 353 1282 392 dubitemus:
1338 349 1477 394 CON-

171 418 485 462 SERVATORI
520 416 710 459 PATRIS
743 416 1002 458 PATRIAE.

286 481 486 538 Qiacrenti
520 492 647 521 autern
682 481 777 520 milii
811 479 871 519 vel
912 479 1044 518 vrbem
1097 477 1330 530 Aegyptiam
1354 509 1365 529 ‚
1417 477 1478 521 vel

172 545 359 599 Aegypto
389 544 507 584 salutis
538 543 618 583 suae
650 541 750 583 causa
782 543 957 583 sociatam
991 548 1146 592 gentem
1167 572 1178 591 ,
1209 552 1301 593 quae
1336 542 1375 581 in
1408 541 1478 583 hu-

171 609 226 648 ius
264 609 605 661 monogrammatis
653 607 820 646 ductibus
869 604 1131 650 contineatur,
1179 603 1282 643 obuii
1330 604 1477 646 filerunt

171 670 388 721 Cyrenaei,
438 672 475 710 in
509 682 599 723 quos
633 671 762 708 omnia
813 667 1001 721 aptissime
1052 666 1252 706 conuenire
1300 669 1476 708 arbitror.

171 735 268 774 Tres
299 736 402 774 enim
436 733 577 785 priores
611 732 753 771 litterae
785 734 839 772 K.
874 732 924 771 Υ.
960 732 1004 770 Ρ.
1043 729 1153 782 plane
1174 729 1396 783 conspicuae
1413 731 1478 771 ad.

173 795 265 837 sunt.
325 797 541 849 Tamquam
573 795 662 835 basis
694 795 746 834 est
778 795 807 836 P
827 827 837 845 ,
871 794 971 834 cuius
1001 794 1099 832 cruri
1130 804 1150 832 a
1182 792 1294 832 latere
1341 794 1478 835 dextro

171 858 429 899 adhaerescunt
460 860 540 898 illae
574 859 610 897 in
644 858 819 911 angulum
853 865 1030 897 coeuntes
1059 855 1209 905 lineae,
1258 868 1350 909 quae
1383 869 1474 898 cum

168 933 218 960 co
248 920 413 961 efficiunt
446 925 500 962 K.
533 919 614 960 Iam
646 921 703 960 his
736 922 771 960 Υ
808 929 858 960 1ta
889 920 1050 970 iungitur
1080 926 1126 956 vt
1159 921 1276 958 iaceat
1301 918 1475 959 inhunc-

166 995 208 1023 ce
241 983 397 1022 niodum
435 990 474 1024 >a
511 1013 521 1032 ,
553 992 661 1034 atque
692 994 774 1022 crus
805 982 883 1021 eius
914 978 1074 1019 decuffet
1106 990 1188 1022 crus
1221 978 1295 1020 τὀὐ
1329 980 1357 1019 Ρ
1380 1011 1391 1031 ‚
1419 981 1474 1021 se·

162 1043 247 1098 que‘
267 1059 287 1085 a
320 1046 460 1085 dextris
489 1045 692 1097 coniungat
724 1057 812 1085 cum
847 1043 1023 1098 superiori
1057 1041 1116 1083 illa
1147 1045 1245 1084 linea
1267 1075 1278 1094 ‚
1313 1055 1406 1095 quae
1424 1044 1472 1086 ad

163 1110 204 1148 K
236 1109 491 1148 denotandum
526 1107 604 1147 iam
637 1109 770 1148 aderat.
836 1107 889 1147 Et
919 1106 1000 1146 sane
1041 1106 1081 1144 in
1113 1117 1234 1147 numo
1277 1103 1476 1147 clariffime

165 1171 281 1210 video
312 1170 418 1211 illum
451 1169 605 1210 ductum
635 1182 714 1216 ,non
746 1170 854 1211 valde
889 1169 1078 1222 obliquum
1099 1199 1111 1220 ,
1149 1167 1211 1210 sed
1243 1166 1319 1210 fere
1366 1167 1472 1210 hori-

165 1233 370 1273 zontalem.

280 1295 354 1336 Sed
389 1305 426 1335 et
459 1295 647 1348 possumus
680 1297 819 1336 litteras
850 1295 916 1336 sibi
949 1295 1161 1349 implicatas
1195 1294 1268 1336 alio
1317 1295 1470 1349 modo,

163 1360 227 1411 qui
259 1359 305 1398 ad
338 1358 496 1398 eundem
528 1368 656 1399 tamen
689 1359 828 1400 sensum
861 1361 955 1400 redit
974 1391 985 1411 ,
1018 1360 1230 1409 extricare,
1250 1365 1296 1398 vt
1314 1370 1472 1400 manen-

165 1422 257 1462 tibus
287 1421 488 1472 omnibus,
521 1434 616 1473 quae
650 1423 697 1461 de
726 1424 754 1462 P
789 1432 828 1462 et
861 1425 901 1463 K
934 1422 1128 1476 diximus,
1160 1422 1290 1462 alteras
1319 1421 1407 1461 duas
1431 1421 1472 1463 in

163 1484 339 1537 angulum
372 1484 586 1524 coniunctas
618 1485 732 1526 lineas
753 1518 763 1537 ,
795 1486 889 1526 cruri
924 1484 998 1526 τ’ὅυ
1030 1487 1060 1526 Ρ
1095 1487 1142 1527 ad
1174 1484 1350 1525 sinistram
1402 1497 1472 1539 ap-

163 1548 341 1600 plicatas,
375 1558 445 1599 pro
478 1550 517 1587 K
553 1547 695 1587 inuerso
722 1548 963 1602 accipamus,
996 1560 1034 1588 et
1066 1560 1139 1601 pro
1171 1549 1206 1588 Υ
1243 1547 1326 1588 illos
1359 1546 1470 1588 binos

163 1611 204 1650 in
235 1610 410 1662 angulum
443 1621 615 1649 coeuntes
645 1612 803 1662 duetus,
846 1613 942 1652 inter
974 1623 1067 1664 quos
1103 1609 1352 1652 semicirculus
1398 1606 1474 1654 τοῦ

163 1673 192 1712 Ρ
228 1673 390 1724 ponitur.
455 1671 515 1712 Sic
547 1676 586 1713 K
619 1674 848 1726 duplicatum
882 1676 1063 1716 habemus
1093 1685 1131 1715 et
1162 1674 1335 1728 scriptura
1367 1673 1469 1728 inte3

161 1747 227 1788 gra
260 1735 327 1773 erit
359 1737 554 1777 K KYP.
588 1737 625 1776 id
659 1738 710 1777 est
743 1732 875 1779 Κοινόν
906 1733 1145 1793 Κυρηνάιων.

278 1795 402 1836 Duxit
431 1811 492 1837 me
526 1799 571 1838 :id
605 1799 700 1839 hanc
718 1812 876 1841 omnem
896 1801 1150 1842 coniecturam
1168 1811 1301 1841 numus
1317 1832 1328 1852 ‚
1349 1808 1463 1854 quem

164 1860 308 1900 illustris
339 1859 690 1902 SPANHEMIVS
724 1863 951 1915 publicauit:
985 1865 1088 1903 cuius
1102 1864 1221 1905 altero
1239 1864 1350 1904 latere
1366 1864 1464 1906 ima-

161 1936 212 1975 go
246 1924 335 1974 regis
368 1923 572 1963 Ptolemaei
606 1936 758 1965 cornuta
778 1959 788 1978 ,
821 1927 867 1967 ad
901 1927 1120 1979 exemplum
1154 1925 1253 1967 Iouis
1271 1925 1463 1968 Hammo·

161 1987 242 2034 nis,
274 1985 430 2034 fistitun
470 1999 558 2026 cum
591 1988 793 2041 epigraphe
843 1990 1245 2031 ΠΤΟΛΕΜΑΙΟΥ
1296 1985 1465 2031 ΒΑΣῑ-

165 2044 369 2088 ΛΕΩΣε
401 2061 450 2087 cx
482 2049 592 2091 altera
624 2061 730 2105 parte
762 2051 939 2106 silphium
972 2053 1200 2106 exhibetur,
1235 2065 1324 2094 curn
1365 2053 1462 2094 litte-

219 2111 326 2151 Tom.
361 2111 408 2152 X
411 2108 492 2153 IV.
824 2112 863 2156 Z
896 2129 920 2157 z
1388 2114 1452 2155 ris
