2020 2668
499 120 589 160 260
727 114 812 158 DE
843 108 1183 158 DENSITATE
1211 113 1265 156 M
1270 112 1574 157 ETALLORV
1576 114 1629 156 M

495 239 654 285 tequam
685 228 944 284 colliquefae'ta
986 227 1149 280 fuerint,
1198 228 1367 282 pondera
1400 227 1555 269 sollicite
1605 226 1817 268 examimui

496 296 539 337 in
569 295 711 337 bilance
742 292 975 335 exactiffima
1007 292 1102 343 tali,
1135 305 1248 346 quam
1280 293 1569 341 celeberrimus,
1602 291 1694 332 dum
1716 291 1817 345 vi11e7

494 367 585 411 ret,
615 353 889 413 Grauesanfflus
916 354 1100 410 descripsit
1141 357 1180 398 in
1217 354 1382 413 Plvstaes
1426 355 1494 397 Ele
1495 368 1544 396 tn
1534 356 1621 396 mis
1673 353 1816 395 maethe-

500 423 679 474 maricis,
710 433 798 477 pag.
835 433 941 462 201.
991 419 1100 462 Edit.
1163 429 1275 470 1725
1299 453 1311 473 ,
1358 420 1586 474 vocauitque
1640 417 1815 460 bilancem

501 483 815 543 hydrostau'cam3
854 495 893 526 et
933 484 1027 526 haec
1062 484 1231 537 pondera
1261 482 1418 538 expreffi
1451 484 1488 523 in
1522 482 1644 537 granis
1661 482 1822 522 eiusmo-

501 549 576 600 di,
609 561 767 604 quorum
803 552 921 599 7680
958 547 1091 588 ficiunt
1129 549 1262 588 libmm
1305 545 1718 599 amstelodamensem3
1759 544 1824 584 xb'i
1855 564 1861 570 ·

502 612 658 667 quidem
692 613 792 654 mihi
826 611 908 652 satis
939 610 1046 652 facile
1075 611 1179 652 licuit
1210 612 1324 651 ctiam
1357 611 1599 664 quadrantem
1621 609 1700 650 talis
1724 608 1827 662 grani

503 676 544 717 in
577 676 722 718 bilance
753 686 946 718 annotare.
1013 674 1163 715 Praeter
1195 685 1356 715 caeteras
1403 674 1691 714 circumstantias
1707 703 1719 721 ,
1756 673 1824 712 ha-

503 753 589 782 rum
619 753 744 781 rerum
776 740 906 795 peritis
935 738 1081 779 abunde
1124 748 1253 790 notas,
1292 737 1441 779 adhibui
1474 750 1610 792 aquam
1631 770 1642 789 ‚
1692 735 1822 776 fluuia-

504 804 587 845 lem
620 805 774 858 quidem
796 837 806 856 ‚
858 803 918 844 sed
960 815 1046 843 cam
1088 801 1240 855 semper
1273 801 1345 842 fere
1379 802 1423 842 ad
1456 801 1614 842 cundem
1667 800 1825 853 gradum

506 867 775 908 thermomcrri
819 868 1003 908 calentem
1025 898 1034 916 ‚
1076 878 1215 918 nempe
1261 865 1305 906 ad
1348 872 1405 917 48
1446 863 1826 922 sahrertheitianum3

512 943 702 985 quanqam
751 931 848 972 hanc
881 929 1065 970 cautelam
1101 941 1178 968 uon
1210 928 1304 968 adeo
1337 930 1570 969 neccffitriam
1621 926 1827 980 deprehen-

509 993 579 1047 di,
614 1007 704 1035 cum
735 993 846 1035 aucto
877 1005 926 1034 ex
961 992 1131 1032 industria
1166 1005 1280 1045 aquae
1314 992 1419 1033 huius
1447 991 1644 1046 aliquando
1675 988 1797 1030 calore
1817 1022 1827 1042 ‚

510 1069 627 1112 vsque
657 1058 704 1099 ad
736 1057 890 1111 gnidum
938 1059 994 1104 56
1015 1088 1025 1106 ,
1076 1056 1145 1095 vix
1175 1055 1377 1096 sensibilem
1427 1055 1600 1109 ponderis
1649 1054 1827 1094 mutatio-

510 1132 600 1162 nem
633 1120 823 1161 obseruaui
855 1121 895 1158 in
927 1130 1088 1171 corpore
1121 1120 1213 1158 iutra
1247 1120 1359 1159 talem
1393 1130 1528 1172 aquam
1548 1116 1726 1171 suspenso.
1747 1115 1829 1157 De·

513 1185 631 1236 inde,
665 1194 709 1223 vt
744 1197 790 1223 ne
823 1183 919 1222 aeri„-
951 1182 1070 1221 bullio
1102 1181 1325 1221 adhaereant
1356 1180 1575 1234 corporibus
1613 1179 1800 1220 submersis
1819 1211 1831 1231 ,

511 1259 605 1302 quae
637 1244 798 1287 multum
835 1257 971 1286 nocere
1003 1245 1151 1298 poliunt
1188 1257 1279 1284 vero
1316 1244 1470 1298 ponderi
1507 1242 1730 1284 inueniendo
1749 1275 1760 1294 ,
1786 1254 1830 1282 ea

513 1311 665 1366 quidem
701 1323 778 1350 non
809 1307 988 1358 calefeci,
1019 1309 1119 1361 quod
1154 1308 1262 1362 aliqui
1293 1307 1472 1360 suadent,
1503 1320 1593 1348 cum
1626 1306 1833 1361 periculum

515 1375 655 1416 exinde
687 1373 785 1414 aucti
820 1373 1023 1414 voluminis
1056 1372 1194 1411 exoriri
1227 1370 1370 1426 poffit3
1405 1370 1463 1412 sed
1497 1383 1539 1412 ea
1573 1372 1668 1411 intra
1692 1381 1830 1424 aquam

515 1439 658 1479 tamdiu
691 1437 861 1477 celeriter
893 1435 979 1476 hinc
1013 1445 1051 1474 et
1085 1435 1171 1474 inde
1203 1435 1368 1489 agit-aui,
1398 1434 1521 1476 donec
1555 1435 1649 1476 nihil
1676 1434 1835 1488 amplius

515 1503 611 1543 ae'ris
641 1501 808 1552 contigui
851 1498 1081 1552 deprehendi
1125 1499 1252 1550 puiset.
1338 1498 1462 1539 Frusta
1513 1499 1566 1538 ita
1617 1507 1835 1552 praeparata

517 1565 649 1606 tradidi
683 1565 809 1617 polleni
841 1562 1055 1603 Clariiiimo
1088 1560 1211 1602 Dom.
1245 1561 1384 1602 Gellert
1405 1562 1658 1613 ,Academiae
1691 1561 1837 1601 Adiun-

520 1628 615 1680 ἂο,
649 1629 713 1683 qui
748 1626 972 1680 iiipellec‘iile
1003 1626 1179 1676 chymica
1223 1624 1279 1665 sua
1311 1625 1514 1666 domestica
1563 1623 1686 1665 effecit
1706 1658 1717 1677 ,
1765 1624 1836 1665 sm-

521 1693 640 1747 gulari
670 1692 842 1732 industria
878 1701 915 1730 et
948 1688 1168 1743 diligentia,
1202 1698 1244 1728 tt
1275 1701 1395 1743 partes
1433 1689 1616 1742 separatae
1649 1689 1688 1728 in
1720 1700 1836 1728 vmm

520 1755 846 1810 colliquescerent,
880 1765 919 1794 et
952 1751 1296 1794 commiscerentur.
1363 1754 1418 1794 At
1450 1764 1544 1793 vero
1579 1752 1701 1793 mixtu
1751 1751 1808 1792 illa
1829 1783 1839 1803 ‚

522 1833 683 1873 quorum
717 1820 873 1859 alterum
910 1819 1120 1871 ingrediens
1156 1816 1222 1856 fuit
1258 1817 1394 1857 ierrum
1416 1849 1427 1868 ,
1478 1816 1566 1857 ideo
1618 1828 1694 1856 non
1745 1815 1839 1856 bene

524 1883 759 1924 successerunt
782 1916 791 1933 ,
823 1883 922 1935 quod
957 1881 1093 1921 sermm
1137 1880 1347 1933 impurius,
1398 1879 1520 1921 multo
1569 1878 1734 1933 sulphure
1767 1878 1839 1917 sca-

528 1957 641 1997 tens,
673 1947 880 1986 adhibitum
916 1945 1015 1998 suit3
1051 1945 1087 1984 id
1120 1945 1219 1998 quud
1253 1941 1393 1985 Clariis.
1431 1944 1662 1995 Crammzs,
1708 1942 1747 1981 in
1785 1939 1841 1982 sua

527 2009 786 2052 Docimassica
806 2042 816 2062 ,
850 2010 985 2064 aliique
1003 2041 1014 2063 ‚
1047 2009 1122 2050 iam
1139 2017 1418 2050 annotauerunt.

1727 2123 1766 2173 5.
1802 2142 1845 2179 9.
