2020 2668
513 114 608 156 216
669 108 754 156 DE
784 104 1008 157 PITVITA
1038 103 1369 153 GLVTINOSA
1410 102 1726 152 LARYNGIS.

517 238 657 270 mones
685 223 893 277 effluendi,
924 222 1129 264 neceffario
1163 221 1411 276 respirationis
1442 233 1519 275 ope
1536 221 1680 274 expelli
1696 219 1823 261 debet.

518 289 616 333 Non
651 288 771 330 solum
805 299 902 329 vero
935 286 1222 327 excrementitia
1251 286 1326 338 est,
1356 283 1417 326 sed
1448 285 1617 325 vbertim
1649 292 1827 337 generata

518 353 640 407 etiam
671 351 823 405 semper
854 350 1020 392 morbosi
1051 350 1140 404 quid
1172 348 1302 390 subesse
1334 348 1557 417 portendit·
1549 378 1561 400 ‚
1605 347 1688 388 imo
1719 346 1829 386 dubi-

519 417 591 457 nri
623 413 778 469 potest,
818 426 910 455 num
942 413 1066 454 homo
1097 411 1266 466 perfecte
1298 411 1428 464 (anus,
1459 411 1602 452 iuuenis
1641 409 1830 463 imprimis

518 486 560 519 et
593 487 778 531 vegetuS,
827 476 866 518 in
905 477 1007 517 cuius
1045 487 1211 529 corpore
1242 475 1401 529 reliquae
1439 474 1657 514 secretioncs
1694 483 1831 512 omues
1886 470 1892 475 ‘

519 542 592 583 rite
632 539 870 594 procedunt,
910 540 1027 580 talem
1068 538 1245 592 pituitam
1298 549 1483 592 vmquam
1533 533 1732 577 secernat?
1776 545 1830 575 ex

520 604 724 645 iunioribus
764 601 815 642 illi
856 601 1096 656 potissimum
1136 601 1212 642 hoc
1249 599 1386 642 affeetu
1427 600 1624 651 laborant,
1664 610 1831 653 quorum

523 676 658 708 natura
688 664 872 706 catarrhis
903 665 1077 705 adsueuit.
1142 663 1294 706 Dantur
1310 664 1465 718 quidem
1493 663 1616 717 plures
1634 694 1645 713 ‚
1663 662 1834 715 plerum-

525 742 600 785 que
633 730 734 770 senes
765 728 852 769 huic
881 727 1074 768 scroetioni
1106 727 1299 779 obnoxii,
1331 727 1422 781 qui,
1465 736 1634 780 excepto
1664 724 1742 766 hoc
1774 725 1836 764 in-

527 793 743 835 commodo
784 791 960 844 prospera
1000 790 1080 831 satis
1111 790 1321 831 valetudine
1353 800 1540 843 vtuntur3
1584 789 1674 830 hinc
1714 787 1741 829 si
1776 788 1837 842 pi·

527 858 642 897 tuitae
673 855 831 895 secretio
863 855 960 894 intra
994 853 1168 894 modicos
1200 853 1293 893 fines
1332 862 1413 893 tam
1446 855 1593 892 ratione
1625 851 1837 905 quantitatis

525 931 639 974 quam
672 919 858 970 temporis
888 916 1106 956 cohibeatur
1125 948 1135 967 ,
1168 916 1338 956 nondum
1381 925 1581 969 propterea
1618 926 1693 968 pro
1725 925 1838 955 mor-

525 983 620 1024 boso
660 980 796 1021 affeetu
837 979 964 1020 haberi
1005 979 1118 1019 debet
1138 1011 1149 1029 ,
1199 978 1257 1018 sed
1300 978 1398 1018 inter
1438 991 1496 1018 res
1536 990 1615 1018 non
1657 977 1837 1018 naturales

530 1045 676 1087 merito
708 1042 889 1083 refertur:
922 1052 1098 1092 atvero,
1130 1042 1279 1094 quando
1311 1041 1369 1081 illa
1401 1042 1547 1082 debitos
1564 1041 1702 1081 limites
1718 1051 1838 1080 trans-

526 1107 693 1162 greditur
713 1137 724 1156 ,
757 1105 921 1145 omnino
949 1104 1059 1144 status
1088 1104 1218 1156 aliquis
1258 1104 1574 1156 praeternaturalis
1614 1103 1838 1157 suspicandus

528 1170 592 1211 est.
660 1168 792 1208 Primo
832 1168 934 1206 enim
972 1167 1052 1207 iam
1095 1166 1157 1206 hic
1191 1165 1264 1219 ipse
1298 1179 1401 1206 error
1434 1177 1583 1206 naturae
1614 1166 1666 1206 est
1686 1196 1698 1215 ‚
1739 1166 1839 1220 quod

530 1245 602 1288 per
635 1231 749 1272 talem
781 1228 975 1283 copiosam
1009 1238 1049 1270 et
1082 1228 1253 1269 assiduam
1290 1227 1536 1269 secretionem
1568 1241 1703 1283 corpus
1734 1241 1754 1269 a
1785 1230 1838 1269 su·

532 1294 687 1350 perfluis
726 1292 1011 1334 humiditatibus
1055 1303 1209 1345 purgare
1249 1291 1406 1333 affiielcit
1439 1293 1475 1332 in
1518 1293 1580 1333 tali
1613 1293 1732 1342 loco,
1776 1292 1842 1332 vbi

531 1359 586 1399 ob
622 1357 784 1411 partium
820 1356 1051 1396 nobiliorum
1086 1356 1263 1396 viciniam
1296 1365 1334 1395 et
1365 1357 1643 1397 connexionem
1677 1356 1845 1396 astiones

531 1422 665 1462 vitales
696 1418 804 1460 fiicile
836 1418 1016 1459 damnum
1051 1418 1201 1472 aliquod
1242 1420 1411 1471 accipere
1453 1418 1612 1472 possunt.
1677 1418 1716 1460 Si
1749 1431 1841 1459 con·

531 1485 681 1525 iecturis
718 1483 844 1522 locum
879 1482 965 1522 dare
999 1482 1114 1531 licet,
1147 1482 1264 1521 caussa
1298 1482 1482 1535 proxima
1513 1484 1720 1535 quaerenda
1745 1483 1843 1523 sorte

532 1549 601 1589 erit
635 1548 672 1586 in
710 1544 952 1585 offificatione
985 1545 1243 1598 cartilaginum
1263 1576 1274 1596 ‚
1316 1545 1354 1584 in
1387 1557 1542 1598 quarum
1585 1546 1730 1587 latebris
1763 1558 1844 1586 me·

533 1620 705 1652 moratae
741 1607 932 1662 glandulae
967 1607 1122 1648 resident
1147 1638 1159 1658 ‚
1192 1608 1284 1648 dum
1318 1609 1425 1650 enim
1459 1608 1543 1648 illae
1578 1619 1732 1663 propter
1763 1608 1841 1649 {bli-

532 1675 682 1716 diorem
717 1671 871 1712 massam
906 1671 1027 1712 minus
1057 1670 1277 1712 nutrimenti
1295 1671 1482 1725 requirunt
1502 1704 1512 1723 ,
1532 1672 1709 1713 humores
1726 1674 1845 1725 supcr-

534 1738 633 1786 fini,
673 1735 870 1775 accretioni
914 1734 1061 1775 illarum
1113 1747 1133 1774 a
1175 1744 1303 1774 natura
1343 1735 1511 1775 destinati
1532 1769 1541 1786 ,
1581 1737 1628 1777 ad
1661 1735 1849 1790 glandulas

535 1799 742 1842 redundant
762 1830 772 1849 ,
807 1796 931 1850 ibique
963 1797 1024 1838 sub
1058 1797 1212 1852 pituitae
1242 1796 1366 1838 forma
1397 1799 1641 1839 secernuntur.
1693 1798 1847 1840 Deinde

537 1862 774 1915 experientia
819 1861 962 1913 docet,
1013 1861 1113 1902 hunc
1154 1861 1335 1902 affectum
1378 1861 1694 1915 ingrauescentem
1741 1861 1848 1914 angi-

539 1937 630 1966 nam
650 1956 661 1974 ,
696 1923 931 1964 raucedinem
953 1958 963 1977 ,
1014 1924 1136 1966 tussim
1171 1925 1370 1966 humidam
1392 1957 1402 1976 ,
1437 1925 1647 1965 fluxionem
1689 1924 1734 1965 ad
1769 1924 1848 1977 pul-

542 1999 705 2037 moneS,
748 1986 948 2027 difficilem
992 1988 1275 2041 respirationem
1320 1988 1523 2041 producere
1563 1987 1679 2041 posse.
1753 1987 1849 2029 Non

542 2060 667 2094 autem
700 2061 797 2090 mox
828 2064 900 2105 pro
933 2050 1099 2106 phtificis
1117 2051 1328 2092 declarandi
1361 2050 1461 2103 sunt,
1501 2050 1564 2105 qui
1597 2050 1707 2093 huius
1737 2051 1853 2106 pimi-

1791 2123 1852 2156 tae
