2020 2668
361 121 759 173 PRODVCENDA
791 119 941 168 NOVA
977 118 1357 166 TENTAMINA.
1443 134 1491 169 31
1504 131 1525 171 ς

630 234 920 314 Experim.
965 228 1127 292 XXI.

343 352 511 397 Massam
542 353 675 408 glaciei
708 352 747 392 in
781 351 873 392 orbe
914 351 1068 392 stanneo
1108 346 1214 403 posui
1255 355 1293 386 et
1321 346 1362 387 in
1393 346 1535 388 lamina

228 418 345 461 ferrea
378 419 420 473 3)
455 418 635 460 collocaui
655 447 667 468 ‚
701 414 886 468 naphtam
919 413 1057 455 deinde
1090 412 1212 452 albam
1233 408 1348 450 infudi
1367 411 1404 450 in
1421 409 1537 451 coch-

228 483 326 524 leare
359 481 589 522 metallicum
622 490 780 532 paruum
799 509 810 528 ‚
841 476 1062 519 calefadium
1082 506 1094 525 ,
1124 483 1162 514 et
1195 472 1436 513 electricitate
1460 481 1532 521 25.

159 550 164 554 '
227 558 285 600 gr.
319 545 482 585 excitata
513 542 613 583 tenui
645 540 839 582 cochleare
872 541 911 581 in
940 537 1109 580 distantia
1141 536 1249 592 digiti
1280 547 1302 577 a
1341 534 1536 592 superficie

228 608 356 663 glaciei
387 606 555 648 verticali
585 614 623 645 et
654 601 803 645 accensa
834 603 886 644 est
918 601 1074 657 naphta.

626 712 917 793 Experim.
959 707 1141 770 XXII.

345 827 530 873 Suffulciui
562 831 661 872 bene
691 829 886 873 cochleare
918 827 1152 869 metallicum
1183 826 1222 867 in
1252 825 1392 868 lamina
1423 825 1542 868 ferrea

231 893 276 951 3)
307 894 525 936 calefactum
557 895 660 948 prius
677 926 689 947 ‚
722 893 837 935 infudi
868 891 1054 933 cochleari
1094 889 1277 944 naphtam
1319 888 1543 929 elee'tricita-

228 968 338 1012 teque
381 968 405 994 2
411 967 452 1005 5.
488 969 544 1009 gr.
579 958 739 1002 excitata
755 987 767 1005 ‚
787 956 1076 1012 continuataque
1095 949 1390 1006 circumaffione
1407 949 1539 1005 sphae-

229 1033 290 1061 rae
307 1054 318 1074 ‚
350 1020 642 1073 appropinquaui
675 1018 832 1060 maffiim
864 1015 1029 1071 glaciei,
1078 1024 1123 1055 vt
1153 1014 1301 1056 distaret
1331 1025 1354 1053 a
1387 1013 1539 1067 parieti-

229 1083 296 1125 bus
327 1082 529 1126 cochlearis
559 1082 722 1136 digitum
753 1080 873 1122 ferme
890 1112 902 1133 ‚
933 1088 973 1119 et
1005 1076 1155 1119 accensa
1187 1077 1241 1119 est
1272 1075 1427 1132 naphta.

615 1171 909 1252 Experim.
949 1167 1158 1228 XXIII.

348 1269 533 1327 Spiritum
565 1271 645 1312 vini
677 1271 896 1313 calefite‘tum
930 1269 1215 1311 electrificatum
1235 1300 1247 1321 ‚
1274 1267 1457 1323 naphtam
1477 1279 1539 1309 ca-

231 1336 405 1379 leffictam
427 1370 436 1388 ‚
470 1335 635 1389 spiritum
668 1335 843 1375 Forbenii
873 1334 1047 1387 frigidum
1081 1332 1342 1374 elestrificatos
1360 1363 1371 1383 ,
1413 1331 1535 1383 digito

229 1400 293 1440 vel
327 1399 479 1439 metallo
509 1410 587 1437 non
618 1397 865 1438 elcstrificato
904 1396 1068 1436 accendi.
1133 1394 1228 1436 Non
1274 1392 1537 1436 electrificatos

229 1463 379 1503 accendi
411 1473 499 1502 cum
531 1461 651 1513 digito
681 1460 744 1500 vel
775 1459 934 1501 metallo
975 1457 1231 1499 elestrificato.

596 1544 884 1623 Experim.
928 1541 1149 1601 XXIV.

345 1642 494 1695 Aquam
528 1640 565 1680 in
600 1640 724 1693 patina
758 1640 904 1681 stannea
936 1638 975 1678 in
1009 1636 1135 1678 mensa
1166 1634 1229 1676 sub
1281 1634 1366 1677 stilo
1415 1633 1538 1677 ferreo

232 1703 249 1744 l
274 1716 309 1745 m
340 1717 390 1745 ex
420 1703 545 1757 regula
578 1704 691 1744 ferrea
723 1703 773 1758 Q
795 1704 831 1745 R
864 1700 890 1743 S
921 1701 1110 1754 pendente
1141 1699 1278 1753 posui,
1309 1707 1353 1738 vt
1387 1697 1536 1751 superfi-

231 1768 308 1806 cies
341 1778 452 1819 aquae
484 1766 630 1806 distaret
666 1776 707 1812 3.
741 1766 886 1806 circiter
919 1765 1032 1804 lineas
1050 1794 1061 1814 ,
1095 1762 1407 1814 eleaticitateque
1431 1761 1538 1801 exci-

233 1839 307 1869 tata
339 1829 529 1869 obseruaui
558 1840 690 1881 aquam
724 1827 855 1868 eleuari
884 1827 1205 1879 attingentemque
1237 1823 1375 1864 ferrum
1405 1823 1538 1864 elicere

232 1891 353 1933 lucem
374 1924 385 1943 ,
417 1892 504 1931 dein
536 1891 668 1931 resilire
701 1900 739 1931 et
770 1889 883 1931 rursus
898 1889 1034 1930 eleuari
1065 1897 1102 1927 et
1134 1887 1294 1928 eandem
1327 1886 1447 1926 lucem
1468 1897 1536 1926 ex-

234 1955 340 1994 citari
359 1964 431 1994 etc.
465 1953 509 1994 In
529 1952 653 2006 spiritu
670 1954 748 1994 vini
769 1987 779 2005 ,
799 1953 985 1994 mercurio
1002 1983 1013 2001 ,
1035 1960 1145 1991 aceto
1163 1983 1173 2002 ‚
1193 1949 1320 2002 spiritu
1338 1949 1423 1989 nitri
1441 1960 1536 2002 aqua

235 2017 351 2056 diluto
369 2017 468 2057 idem
488 2016 677 2059 obseruaui
695 2048 707 2070 ,
725 2016 750 2059 fi
768 2017 805 2057 in
820 2016 916 2071 aptis
932 2014 1024 2056 vasis
1041 2013 1122 2056 stilo
1138 2012 1256 2055 ferreo
1288 2011 1305 2054 l
1318 2025 1354 2054 m
1379 2011 1538 2067 propin-

235 2090 305 2131 qua
336 2087 450 2119 erant.

794 2143 883 2186 Rr
917 2152 942 2181 2
1447 2134 1533 2179 Ex-
