2020 2668
268 116 351 160 DE
384 113 560 159 MOTV
591 109 903 158 CORPORVM
935 107 1337 153 FLEXIBILIVM.
1424 113 1508 159 187

205 230 382 283 pedienda
434 230 602 283 primum
643 238 736 281 opus
767 225 819 266 est
849 233 891 265 vt
925 223 1215 276 inuestigemus,
1261 220 1509 275 quemadmo-

205 295 299 333 dum
334 303 483 345 vtraque
516 304 597 346 pars
617 323 628 342 ‚
662 292 688 332 si
721 290 811 329 effer
842 289 888 328 ab
916 288 1029 328 altera
1062 284 1194 334 soluta,
1221 294 1372 325 motum
1405 283 1511 323 suum

206 354 298 396 effet
327 357 610 406 continuatum,
641 353 772 394 deinde
804 353 1001 404 quomodo
1034 350 1179 403 quaeuis
1211 347 1379 401 potentia
1415 346 1512 387 solli-

205 419 323 459 citans
355 419 451 458 hunc
484 427 632 458 motum
667 416 707 456 fit
740 415 1003 468 perturbatura.
1071 410 1244 464 Denique
1276 423 1319 450 ea
1345 410 1510 450 flexurae

205 483 262 521 vis
294 481 347 521 cst
376 481 578 534 quaerenda
598 512 609 531 ‚
642 492 712 532 qua
748 478 839 528 fiat,
870 487 914 517 vt
954 477 1138 529 vtriusque
1171 474 1284 528 partis
1332 473 1511 512 terminus

205 541 242 584 B
272 556 392 597 aequo
425 553 530 584 motu
561 545 730 595 cieatur3
763 542 880 594 sicque
913 541 969 580 vis
988 571 999 589 ,
1030 552 1143 593 quam
1179 537 1321 577 flexura
1339 535 1481 576 sustinet
1498 562 1513 586 ‚v

207 606 264 647 seu
297 620 364 660 qua
397 608 560 659 ruptioni
593 605 751 656 resistit,
782 602 1014 655 innotescet,
1046 615 1117 656 qua
1151 602 1298 654 cognita
1321 599 1509 651 Vtriusque

205 672 346 723 partis,
378 680 486 722 atque
516 669 608 709 adeo
641 669 753 707 totius
783 668 949 720 corporis
999 675 1126 706 motus
1164 665 1212 704 ita
1243 661 1510 704 determinabi-

204 739 264 773 tur
282 765 293 783 ,
325 733 382 771 vti
415 733 460 773 ad
493 732 566 772 eius
598 730 809 785 perfectam
860 729 1119 782 coguitionem
1169 726 1301 782 requiri
1351 724 1512 766 ostendi-

206 808 303 836 mus.

664 851 955 910 Problema
999 871 1041 908 1.

322 963 392 990 12.
427 948 470 992 Si
501 951 667 1005 corporis
697 951 873 992 flexibilis
901 960 1085 1003 vrcunque
1116 948 1215 990 moti
1246 960 1320 990 vna
1355 960 1439 1004 pars
1454 947 1511 990 fii-

203 1014 280 1054 bito
309 1027 330 1054 a
363 1014 583 1068 reliquarum
619 1027 718 1055 nexu
751 1014 987 1065 dissoluatur,
1022 1011 1178 1054 definire
1217 1023 1402 1066 motum,
1434 1024 1511 1067 quo

204 1077 270 1118 ista
302 1090 386 1132 pars
419 1077 484 1119 sibi
516 1078 645 1121 relicta
677 1078 895 1132 promoueri
928 1085 1071 1131 perget.

731 1208 971 1268 Solutios

322 1306 385 1348 Eo
417 1317 617 1348 momento
636 1340 646 1360 ‚
678 1321 753 1362 quo
785 1321 865 1362 pars
898 1306 974 1348 BC
1007 1303 1184 1359 soluitur,
1234 1306 1385 1347 habeat
1419 1309 1579 1361 pun-‘rab
1613 1310 1651 1342 1¹-

204 1370 307 1411 &um
340 1370 397 1411 seu
440 1373 658 1411 extremitas
708 1370 742 1410 B
776 1380 926 1412 motum
948 1370 1142 1410 &cundum
1163 1372 1410 1411 directionem
1431 1369 1512 1411 BP

204 1446 292 1473 cum
325 1434 510 1474 celeritate
541 1434 666 1475 debita
697 1434 883 1475 altitudini
913 1447 968 1474 Ξ
1003 1446 1059 1485 v,
1112 1435 1209 1474 circa
1260 1434 1442 1488 pund'tum
1476 1433 1512 1474 B

205 1507 330 1536 autem
364 1496 438 1549 ipiii
471 1510 552 1549 pars
584 1495 660 1537 BC
693 1498 862 1538 habuerit
892 1507 1041 1538 motum
1061 1497 1302 1549 rotatorium,
1326 1499 1425 1538 cuius
1451 1511 1513 1539 ce-

204 1559 326 1599 leritas
350 1560 526 1612 angularis
544 1561 581 1600 in
600 1562 682 1601 data
713 1575 733 1602 a
764 1561 908 1615 ριιηᾶο
939 1559 972 1600 Β
1004 1561 1170 1600 distantia
1201 1574 1257 1600 Ξ
1280 1573 1297 1599 1
1322 1561 1445 1607 debita
1471 1562 1513 1604 fit

204 1622 386 1662 altitudini
422 1635 550 1676 :q‚
585 1624 733 1677 angulus
784 1637 878 1664 vero
929 1623 962 1665 C
973 1622 1044 1663 BP
1075 1634 1275 1664 momento
1325 1625 1512 1667 solutionis

206 1685 250 1724 sit
283 1680 408 1734 ΣΦ.
475 1687 563 1741 Quo
595 1700 690 1726 nunc
730 1687 838 1727 huius
890 1697 1017 1727 motus
1077 1687 1314 1727 continuatio
1373 1686 1510 1729 filcilius

205 1747 472 1799 cognoscitur,
505 1762 687 1801 pon-,imus
719 1751 788 1789 toti
820 1749 935 1802 spatio
978 1759 1127 1789 motum
1163 1750 1335 1802 imprimi
1375 1763 1508 1804 aequa-

207 1810 281 1849 lem
316 1820 353 1848 ct
385 1812 611 1851 contrarium
647 1813 681 1851 ei
701 1845 711 1864 ,
741 1825 851 1865 quem
895 1812 1073 1865 punitum
1108 1811 1142 1851 B
1175 1823 1375 1857 momento
1422 1813 1506 1855 {blu-

208 1873 319 1911 tionis
359 1873 568 1928 lnbucrat3
624 1888 700 1927 quo
733 1875 831 1915 ffisto
862 1875 954 1915 {blus
986 1885 1112 1916 motus
1161 1877 1360 1916 rotatorius
1407 1878 1506 1919 circa

210 1935 390 1987 punctum
435 1934 467 1976 B
503 1938 540 1976 iu
577 1949 680 1989 parte
732 1937 765 1978 B
785 1938 818 1979 C
871 1938 1054 1992 supererit.
1122 1937 1378 1980 Confideretur
1418 1937 1509 1994 crgo

211 1998 314 2036 liuius
349 2000 456 2051 partis
503 2011 666 2040 centrum
699 2003 913 2054 grauitatis,
946 2003 1043 2055 quod
1078 2002 1121 2042 sit
1154 2003 1192 2042 in
1227 2001 1265 2045 G
1285 2034 1297 2053 ,
1331 2005 1507 2044 existente

210 2058 242 2096 B
261 2058 297 2099 G
320 2074 412 2113 :g
431 2094 441 2114 ‚
474 2073 581 2117 atquc
615 2064 851 2106 manifestum
884 2066 952 2105 erit
984 2077 1035 2105 ex
1068 2075 1174 2106 motu
1204 2068 1388 2107 rotatorio
1423 2081 1508 2106 cor-

767 2131 804 2169 A
840 2142 860 2169 a
897 2141 920 2166 2
1409 2131 1511 2183 poris

1565 1350 1616 1390 fig·

1636 1362 1667 1391 4.
