2020 2668
1188 104 1284 111 --——.-⁴
1289 105 1508 115 *0⁴0*-
1513 113 1517 115 ‚

1419 118 1521 125 ἡ

225 193 337 253 DE
379 192 559 252 SITV
600 190 1179 253 GEOGRAPHICO
1236 189 1530 253 IAKVTI

298 279 577 337 (IAKVTSK)
611 278 770 321 VRBIS
804 278 1046 322 SIBIRIAE
1085 277 1168 320 AD
1201 278 1456 324 FLVVIVM

666 342 870 384 LENAM
905 341 1070 383 SITAE

784 400 980 432 merom:

734 445 794 487 -G.
830 446 932 488 Hein
948 448 994 487 io.

216 570 538 687 'Transmiffire
569 590 686 631 nuper
702 577 782 618 sunt
797 576 842 618 ad
861 577 1112 617 Academiam
1131 574 1401 617 obseruationes
1419 575 1530 618 astro-

358 643 558 690 nomicae,
593 654 681 695 quas
713 640 975 683 Kraffilnikow
994 672 1004 691 ,
1039 636 1231 680 Geodaeta
1280 640 1532 692 expeditionis

225 708 264 750 in
297 703 603 748 Kamtschntkam
627 734 637 754 ‚
673 705 730 745 vir
762 705 800 744 in
835 703 940 757 praxi
980 702 1231 742 astronomica
1281 703 1531 743 exercitatissi-

223 783 306 810 mus
325 802 335 820 ,
366 767 486 808 Iakuti
517 766 645 807 habuit
663 800 675 819 ,
708 779 780 821 pro
813 766 1101 807 determinando
1134 765 1240 805 huius
1259 764 1333 804 loci
1356 765 1421 805 situ
1439 778 1532 818 geo..

221 832 413 887 graphico.
465 829 720 870 Latitudinem
752 830 829 870 eius
859 828 1046 868 borealem
1082 839 1131 867 ex
1163 827 1414 868 altitudinibus
1448 841 1532 868 me-

222 895 370 936 ridianis
400 891 494 934 Solis
525 902 564 933 et
596 893 756 933 fixurum
806 892 882 945 ipse
925 889 1093 931 definiuit
1125 885 1214 928 62⁰.
1253 892 1330 942 2²3
1365 890 1409 930 ad
1446 891 1530 931 lon-

221 957 424 1010 gitudinem
458 968 551 995 vero
581 954 880 1008 cognoscendam
915 954 1034 993 varias
1068 952 1219 992 instituit
1261 951 1529 993 obseruationes

220 1019 425 1072 Eclipfium
457 1017 583 1058 Lunae
616 1026 653 1058 et
685 1015 896 1058 Satellitum
929 1013 1058 1066 Iouis,
1090 1014 1384 1055 occultationum
1429 1014 1525 1055 fixa-

220 1095 304 1132 rum
337 1094 359 1121 a
390 1079 495 1120 Luna
515 1112 527 1132 ,
558 1092 606 1120 ex
639 1081 770 1134 quibus
798 1091 899 1119 vero
918 1078 979 1117 ‘ob
1019 1076 1209 1118 defeetum
1228 1076 1526 1118 obseruationum

222 1144 522 1197 respondentium
571 1143 802 1196 aliorumque
859 1140 1118 1194 requisitorum
1168 1139 1317 1181 vnullam
1366 1140 1525 1182 deduxit

217 1206 506 1247 conclusionem.
570 1206 680 1258 Elegi
710 1217 759 1244 ex
792 1204 863 1245 istis
893 1203 1030 1256 aliquas
1070 1202 1264 1255 eclipfium
1315 1200 1524 1244 Satellitum

220 1268 319 1309 Iouis
350 1267 617 1308 obseruationes
636 1300 648 1319 ‚
678 1280 765 1322 quas
797 1279 885 1307 cum
920 1265 1095 1306 similibus
1127 1264 1438 1306 obseruationibus
1456 1265 1526 1306 Pe-

219 1331 361 1384 tropoli
394 1330 525 1370 habitis
556 1332 767 1384 comparari
800 1330 902 1383 posse
934 1329 1198 1382 praeuidebam
1219 1359 1230 1378 ,
1263 1337 1307 1368 vt
1338 1329 1424 1369 inde
1459 1329 1524 1368 de-

218 1407 328 1435 mum
363 1392 566 1433 differentia
600 1394 895 1434 meridianorum
930 1393 1025 1431 inter
1058 1391 1524 1444 Petropolitanumerla-

218 1455 407 1497 kutensem
440 1457 515 1496 erui
547 1455 676 1509 poss'et.
742 1455 807 1497 Ad
838 1455 937 1495 hunc
971 1454 1093 1494 finem
1126 1454 1385 1507 assequendum
1422 1463 1525 1494 tem-

219 1532 310 1572 pora
344 1531 430 1558 vera
480 1519 684 1572 Eclipfium
736 1518 855 1559 Iakuti
906 1517 1181 1557 obseruatarum
1233 1517 1521 1569 requirebantur.

218 1581 473 1624 Kraffilnikow
506 1583 544 1622 in
579 1583 696 1623 diario
725 1582 788 1623 suo
821 1591 998 1634 tempora
1038 1579 1230 1632 eclipfium
1282 1589 1522 1619 tantummo-

218 1645 272 1684 do
305 1646 405 1684 iuxta
439 1644 677 1698 horologium
698 1678 708 1696 ,
748 1644 1015 1685 oscillatorium
1049 1643 1224 1693 notauit,
1273 1642 1376 1682 cuius
1424 1654 1521 1682 vcro

218 1706 351 1747 statum
384 1706 529 1759 singulis
559 1709 714 1760 diebus,
746 1708 773 1749 ss
805 1708 955 1747 coelum
989 1705 1119 1745 fauerit
1140 1736 1151 1754 ,
1195 1717 1262 1756 per
1313 1705 1522 1746 altitudines

218 1768 316 1810 Solis
367 1768 621 1820 respondentes
667 1771 888 1824 exploruuit.
972 1769 1122 1809 Exinde
1161 1768 1298 1819 igitur,
1347 1766 1522 1808 adhibitis

217 1832 349 1886 debitis
379 1833 695 1883 correctionibus,
730 1843 902 1884 tempora
922 1862 932 1879 ‚
966 1832 1098 1885 quibus
1130 1830 1273 1882 singulis
1291 1830 1416 1870 diebus
1438 1843 1521 1870 me-

218 1896 325 1934 ridies
357 1906 464 1933 verus
496 1896 680 1948 contigit,
715 1905 752 1935 et
784 1895 933 1934 tandem
969 1905 1141 1946 tempora
1190 1905 1276 1931 vera
1324 1893 1519 1946 ecliplium

218 1955 422 1997 Satellitum
456 1956 552 1997 louis
599 1959 854 1998 determinnui.
921 1957 1084 1996 Tabulae
1116 1955 1322 1994 fiibiuncrae
1371 1956 1521 2008 eclipses

220 2030 301 2060 tum
334 2018 450 2058 Iakuti
471 2051 480 2068 ‚
514 2030 594 2060 tum
630 2020 821 2074 Petropoli
853 2019 1087 2070 obseruatas,
1118 2030 1272 2072 quarum
1323 2030 1521 2071 compara-

283 2083 383 2124 Tom.
416 2081 537 2124 XIV.
843 2081 877 2123 C
910 2095 930 2122 c
962 2095 983 2123 c
1464 2081 1521 2119 tio
