2020 2668
287 103 370 148 DE
402 103 626 148 PHVITA
658 103 770 148 CLV
773 101 986 147 TINOSA
1036 101 1332 148 LARYNGJS.
1403 117 1488 156 217

192 223 250 256 tae
282 216 433 270 largiori
465 216 664 257 secretione
697 217 748 257 ita
781 216 933 270 quidem
963 215 1068 270 ffiepe
1100 215 1312 270 affliguntur
1332 249 1343 269 ,
1374 226 1419 258 vt
1437 218 1490 258 le·

192 279 344 319 viffimo
360 291 505 333 quoque
537 279 703 325 tuffiendi
736 289 796 319 aut
826 279 985 320 screandi
1018 289 1126 319 motu
1159 279 1377 334 portionem
1412 282 1490 321 eius

189 340 288 382 haud
312 343 488 395 exiguam
522 343 717 382 excrudere
751 351 920 395 queant3
955 351 997 382 vt
1030 342 1153 395 potius
1182 341 1347 395 phthisin
1373 344 1493 384 averti

188 416 258 456 per
288 406 440 444 cordem
472 405 726 459 crediderim3
757 405 897 458 quippe
929 405 1096 445 accidere
1127 404 1280 458 potest,
1320 415 1363 445 vt
1381 437 1392 456 ,
1424 405 1490 447 etfi

189 466 341 519 copiosa
360 500 371 519 ,
401 480 512 520 quam
546 467 718 508 maxime
748 466 904 507 stilutaris
934 476 1059 508 tamen
1090 467 1244 518 euadat,
1269 468 1417 521 quando
1449 479 1488 509 e.

187 541 246 582 gr.
268 530 453 569 raucedini
474 561 485 580 ‚
515 530 853 584 peripneumoniae
872 562 883 583 ,
913 530 1065 584 aliisque
1097 530 1264 584 pedioris
1280 529 1489 584 oppressio-

191 592 297 632 nibus
328 593 474 633 aliunde
503 593 645 633 obortis
676 592 853 644 succedit,
889 601 928 633 et
959 593 1086 634 morbi
1119 606 1189 647 per
1219 605 1304 637 eam
1337 593 1493 634 feliciter

186 654 407 695 iudicantur.
474 655 573 696 Fieri
605 665 729 696 autem
763 656 886 710 potest
906 685 919 709 ,
957 665 1003 696 vt
1039 668 1090 697 ex
1128 656 1385 710 glan-dularum
1418 652 1491 698 huc

187 717 457 770 pertinentium
489 718 742 760 obstructione
772 727 811 758 et
841 718 929 759 statu
962 717 1158 770 scirrhoso,
1190 725 1229 759 'et
1257 719 1411 772 pituitae
1436 720 1490 760 st:-

187 780 356 820 cretione
388 779 474 820 hinc
506 781 740 834 dependente
770 779 1016 820 sufflaminata
1047 780 1204 834 phthifis
1219 781 1380 834 denique
1399 794 1491 823 con-

184 841 381 895 sequatur-3
430 843 752 894 quemadmodum
791 844 829 882 in
860 841 1037 895 aliquibus
1072 850 1248 895 expertus
1285 842 1366 884 sum
1383 875 1394 895 ‚
1424 845 1487 896 qui

185 904 372 959 principio
408 903 490 944 solis
529 904 720 944 doloribus
760 903 968 956 punecoriis
1004 913 1044 944 et
1074 903 1341 945 constristoriis
1370 907 1489 946 corri-

187 966 385 1020 piebantur
401 998 413 1018 ‚
446 978 542 1006 mox
574 978 669 1006 vero
701 979 787 1006 curn
821 966 1018 1007 raucedine
1048 966 1176 1021 aspera
1195 997 1207 1018 ‚
1237 967 1408 1008 ariditate
1438 967 1489 1010 la-

186 1029 313 1081 ryngis
332 1061 343 1080 ,
375 1028 430 1068 siti
463 1028 567 1069 nullo
598 1029 740 1083 liquido
772 1028 1046 1083 compescenda
1064 1061 1076 1081 ,
1106 1029 1252 1084 spiritus
1268 1029 1489 1071 interclusio-

189 1103 238 1131 ne
270 1100 310 1130 et
341 1091 585 1133 suffocationis
613 1101 722 1132 metu
740 1123 752 1144 ,
793 1092 896 1132 febre
927 1092 1088 1144 denique
1119 1090 1267 1133 hestica
1305 1102 1345 1133 et
1377 1093 1493 1136 totius

186 1154 355 1207 corporis
385 1154 471 1194 tabe
502 1166 572 1208 per
599 1154 737 1208 aliquot
768 1153 1025 1195 hebdomadas
1053 1154 1367 1199 conflitstabantut
1384 1187 1396 1210 ,
1413 1155 1486 1198 de·

180 1226 254 1257 nec
287 1217 407 1257 vitam
435 1228 524 1258 cum
557 1226 685 1259 morte
716 1226 1015 1259 commutarunt.

252 2115 360 2159 Tom.
394 2113 528 2163 XIV.
828 2119 866 2164 E
897 2131 920 2163 e
1407 2113 1489 2159 DE
