2020 2668
514 86 607 139 206
750 80 1318 132 ANIMADVERSIONES
1355 86 1577 134 VARIAE

626 197 761 241 Dueto
790 200 840 242 sic
871 200 1167 245 obstinationum
1199 202 1407 244 nofflamm
1439 203 1628 259 principio
1654 203 1744 248 aC.
1767 207 1826 250 Η,

508 264 716 307 videndum
747 265 800 306 est
819 296 833 317 ‚
864 278 957 307 uum
990 267 1147 309 viciffim
1179 266 1221 309 hi
1266 268 1420 310 minimi
1469 280 1577 309 renes
1624 269 1825 314 bestiarum

507 329 729 382 corporibus
759 342 1016 381 communes,
1065 344 1114 374 an
1154 340 1287 373 contra
1328 331 1484 374 omiffi:
1531 345 1576 374 ac
1605 334 1714 376 initio
1744 337 1827 391 qui·

507 392 599 432 dem
631 396 1012 435 commemorandum
1046 396 1099 437 est
1129 408 1295 438 examen
1323 397 1580 438 erinaceorum
1627 399 1759 453 quibus
1804 411 1828 442 ι

507 455 639 496 diuino
667 456 809 510 opifice
840 461 1139 511 praememorati
1172 472 1278 501 renes
1307 459 1504 502 manifesto
1520 461 1648 503 tributi
1667 461 1825 505 fuerunt.

623 519 670 561 In
687 520 826 562 echinis
842 523 1064 575 iunioribus,
1082 536 1149 564 ren
1167 522 1443 566 succenturiatus
1460 535 1541 567 tam
1557 525 1693 567 dexter
1709 539 1825 581 quam

505 581 645 625 finister
662 615 674 635 ,
703 595 864 636 granum
896 585 1027 628 hordei
1068 587 1275 641 aequabat:
1313 598 1444 630 contra
1477 590 1576 644 apud
1627 590 1829 632 adultiores

504 647 768 690 decrescebat:
820 648 860 690 hi
899 651 994 691 renis
1040 649 1235 706 supremae
1264 664 1308 693 ac
1340 664 1524 694 concanae
1573 655 1699 708 parti,
1747 665 1826 708 ope

504 712 754 753 membranae
784 712 975 754 cessulolae
993 746 1005 764 ‚
1038 728 1133 769 quae
1166 728 1279 770 pauca
1311 717 1496 758 duntaxat
1525 717 1751 772 pinguedine
1774 718 1826 760 est

505 775 679 816 instructa
700 808 710 827 ,
741 778 882 817 annexi
899 787 1019 818 erant.
1071 779 1185 835 Quod
1217 790 1347 821 autem
1381 793 1513 823 tenum
1548 780 1826 823 succenturiato-

503 851 588 879 nun
622 840 874 880 minimorum
919 842 1208 894 disquisitionem
1250 845 1413 896 attinet,
1459 856 1624 886 examen
1669 846 1822 899 quidem

503 913 550 943 ea
581 903 628 943 de
659 904 778 943 cauffa
798 935 808 955 ‚
843 903 1007 944 diucrfiie
1041 907 1172 946 aetatis
1201 915 1241 945 et
1274 905 1380 946 (exus
1418 908 1674 949 erinaceorum
1696 941 1706 960 ‚
1747 909 1823 948 cae·

503 978 552 1019 pe
584 966 818 1021 multumque
852 981 873 1007 a
907 968 1015 1008 nobis
1046 969 1253 1009 institutum
1287 969 1383 1021 suit,
1415 970 1473 1012 scd
1493 1002 1504 1022 ,
1537 981 1582 1012 vt
1614 984 1697 1012 vera
1730 971 1823 1012 sate·

500 1041 639 1082 amur,
673 1043 903 1083 nequaquam
938 1031 1076 1072 horum
1109 1031 1313 1085 conspeetu
1347 1031 1414 1073 fmi
1448 1035 1670 1087 potuimus:
1722 1037 1822 1075 vnde

499 1093 630 1133 oculos
660 1093 822 1147 effugisse
854 1095 1039 1146 paruitate
1069 1096 1246 1135 credibile
1278 1105 1386 1147 emt,
1429 1107 1472 1136 vt
1503 1107 1656 1138 euentus
1695 1099 1824 1152 postca

500 1156 712 1197 edocebat:
747 1168 887 1210 nempe
919 1156 988 1197 alia
1017 1157 1209 1198 occasione
1248 1159 1354 1198 nobis
1394 1159 1517 1200 allatus
1553 1159 1622 1201 fuit
1670 1161 1826 1202 echinus

501 1217 669 1260 foemina
688 1251 700 1270 ‚
730 1232 857 1260 recens
887 1231 990 1261 natus
1009 1253 1020 1273 ‚
1053 1234 1129 1261 vna
1160 1234 1251 1262 cum
1286 1234 1408 1263 matre
1437 1223 1537 1265 hunc
1568 1224 1756 1277 laetante,
1783 1225 1823 1266 in

499 1295 571 1336 qua
604 1285 754 1338 quidem
777 1315 788 1334 ,
824 1284 967 1325 nullum
1005 1297 1135 1325 renem
1175 1283 1482 1328 succenturiatum
1535 1297 1683 1342 praeter
1730 1290 1823 1330 duos

501 1347 707 1388 ordinarios
729 1378 740 1397 ‚
775 1346 962 1389 offendere
998 1350 1223 1402 potuimus;
1259 1362 1392 1391 verum
1426 1352 1463 1391 in
1484 1353 1624 1393 iuniore
1645 1352 1722 1408 spes
1754 1365 1821 1393 ne·

501 1423 684 1464 quaquam
720 1409 857 1452 fefellit.
922 1410 958 1452 Is
991 1425 1080 1452 rene
1114 1423 1271 1466 Vtroque
1303 1413 1598 1468 succenturiato,
1632 1427 1674 1457 vt
1708 1418 1746 1457 in
1765 1416 1819 1457 su·

501 1487 567 1527 pm
602 1475 853 1526 memorum,
885 1476 1106 1518 constabat:
1140 1477 1222 1530 post
1258 1477 1348 1518 hacc
1370 1510 1380 1528 ‚
1416 1479 1552 1520 horum
1587 1482 1721 1521 dexter
1740 1512 1751 1531 ,
1780 1489 1822 1522 vt

500 1539 687 1591 praeclare
721 1537 962 1580 oblemabam
986 1571 997 1590 ,
1028 1541 1187 1581 alterum
1223 1540 1284 1581 slbl
1318 1543 1459 1582 iocium
1499 1543 1656 1584 habebat
1704 1544 1819 1585 mini-

500 1614 611 1642 mum
644 1602 784 1657 figurae
817 1603 1032 1644 orbicularis
1052 1637 1063 1656 ,
1092 1617 1209 1658 grano
1244 1607 1472 1658 papauerino
1521 1609 1709 1661 aequalem
1731 1639 1741 1657 ,
1774 1620 1819 1650 ac

499 1676 543 1705 vt
580 1667 798 1719 videbatur,
832 1666 928 1708 haud
967 1679 1101 1720 extm,
1149 1669 1207 1709 led
1241 1670 1338 1709 intra
1389 1670 1552 1711 tunicam
1603 1670 1816 1713 celluloffim

498 1729 721 1771 immediate
754 1729 916 1785 positum
939 1764 950 1783 ,
981 1733 1080 1772 vnde
1114 1745 1158 1773 ca
1189 1733 1354 1774 detracta
1374 1765 1385 1784 ‚
1418 1748 1439 1775 a
1470 1747 1557 1775 rene
1588 1736 1691 1776 facilc
1719 1734 1818 1777 huuc

496 1794 650 1834 auellere
686 1794 831 1835 licebat.
898 1795 974 1836 Vas
1004 1797 1280 1850 perexiguum,
1318 1809 1422 1838 arcus
1459 1799 1495 1838 in
1528 1800 1689 1840 modum
1710 1831 1721 1850 ,
1769 1799 1814 1839 ad

500 1855 640 1897 huncce
673 1870 800 1898 renem
835 1860 985 1900 tendens
1018 1860 1259 1913 spectabatur.
1325 1859 1498 1916 Denique
1518 1895 1529 1913 ,
1562 1861 1813 1903 eiussubstan-

499 1920 547 1959 tia
583 1922 677 1960 renis
710 1920 955 1963 succenturiati
998 1925 1182 1966 simillima
1203 1956 1214 1975 ,
1249 1926 1417 1978 cortice,
1466 1938 1574 1966 cauea
1606 1938 1650 1966 ac
1689 1926 1815 1966 colore

499 1986 663 2037 praedita
697 1996 802 2036 emt,
839 1997 876 2026 vt
910 1989 1044 2029 caeteri
1079 1990 1168 2030 noui
1204 1989 1569 2030 reneslucccnturian
1589 2022 1599 2041 ,
1636 1991 1672 2029 in
1691 1987 1739 2029 C.
1760 1989 1811 2029 ll.

499 2049 666 2100 primum
699 2047 891 2090 obst-nuti.

1743 2117 1810 2160 De
