2020 2668
527 114 616 156 372
956 96 1422 146 NEAPOLITARVM.

528 217 721 274 Equidem
752 226 831 256 non
863 214 981 257 aufim
1014 215 1052 256 id
1086 214 1152 257 vel
1184 227 1318 269 negare
1352 215 1416 257 vel
1456 213 1675 258 affirmare:
1733 229 1852 273 quum

526 282 699 338 quotidie
731 279 927 320 videamus
957 279 1004 319 ad
1035 278 1114 320 sora
1149 278 1339 333 profectos
1371 289 1599 321 mercatores
1634 283 1762 322 omnis
1789 294 1856 336 ge·

529 347 627 386 neris
658 354 698 384 et
727 344 932 384 commatis
962 355 1101 383 numos
1121 343 1242 384 secum
1262 343 1355 384 ferre
1379 357 1390 397 3
1424 355 1493 384 nec
1520 345 1692 396 adili-iugi
1715 345 1852 399 polliut

529 409 592 450 vel
624 406 767 449 soleant
800 417 845 447 vt
877 407 958 447 suae
989 406 1139 461 quisquc
1173 407 1315 460 patriae
1349 408 1508 462 propriis
1550 409 1787 448 nundinetur.

646 470 859 525 Supereffet
906 481 1035 522 nunc,
1087 480 1131 511 vt
1164 471 1332 511 dicerem
1383 472 1431 511 de
1479 471 1608 511 litteris
1640 471 1679 510 in
1713 472 1855 526 postica

529 544 635 591 palte
666 535 799 576 obuiis.
864 532 938 576 Sed
970 546 1087 588 quum
1119 545 1196 574 non
1229 533 1391 574 habeam
1426 544 1572 575 certum
1595 567 1605 585 ,
1653 535 1755 587 quod
1788 536 1855 576 ad-

525 600 675 641 feram:
721 597 789 654 ipsi
840 598 1028 639 beneuolo
1078 597 1214 638 lectori
1254 607 1292 637 et
1325 594 1520 649 spectatori
1571 597 1852 642 diiudicandum

528 664 752 718 permittam
774 693 785 713 ‚
821 662 1006 703 debeatne
1041 661 1081 701 Π
1103 694 1114 713 ,
1162 660 1263 715 quod
1294 659 1401 713 super
1451 661 1706 702 minotaurum
1755 662 1854 702 clare

527 727 747 781 intelligitur
767 757 779 779 ‚
813 726 990 778 coniungi
1022 736 1112 765 cum
1147 724 1277 765 litteris
1324 724 1394 764 ΑΡ
1415 756 1427 776 ,
1479 736 1573 778 quae
1614 724 1676 764 sub
1713 725 1853 766 eodem

529 790 719 843 visuntur,
754 803 803 832 an
837 789 1016 844 superiori
1052 789 1307 843 adiungendae
1329 820 1340 840 ‚
1389 789 1435 828 ad
1471 788 1658 840 integram
1712 800 1853 829 vocem

527 853 748 896 eliciendam
768 887 779 907 ‚
814 854 1008 895 videantur
1039 851 1218 906 quaedam
1255 853 1428 893 litterae:
1464 846 1510 892 τό
1548 852 1618 892 ΑΡ
1639 861 1764 894 autem
1783 853 1857 895 iui-

527 918 622 959 tium
657 919 748 959 alius
779 916 952 959 vocabuli
985 915 1198 956 habendum
1234 915 1289 956 fit.

647 980 838 1035 Equidem
873 981 912 1020 in
944 979 1023 1019 vllo
1063 979 1354 1032 Neapolitarum
1408 991 1530 1020 numo
1577 978 1698 1020 adhuc
1747 979 1854 1021 edito

529 1057 608 1089 non
639 1046 744 1098 potui
776 1043 989 1097 conspicere
1022 1041 1187 1083 hominis
1214 1043 1407 1083 cuiusdam
1451 1044 1640 1095 integrum
1690 1055 1855 1085 nomen.

528 1107 576 1149 In
611 1108 738 1149 multis
769 1107 992 1160 singularem
1023 1105 1187 1158 aliquam
1219 1104 1383 1146 littenim
1407 1138 1419 1158 ,
1449 1116 1514 1147 aut
1545 1105 1652 1147 binas
1684 1106 1745 1146 vel
1778 1116 1854 1147 ter·

526 1184 593 1212 nas
624 1171 738 1211 video
769 1169 923 1224 pedibus
955 1168 1159 1209 minotauri
1192 1167 1439 1222 interpositus.
1521 1165 1751 1223 Complures
1789 1181 1851 1210 ca-

527 1235 601 1290 piti
635 1233 819 1275 feminino
852 1233 893 1274 in
925 1231 1100 1272 anteriori
1134 1231 1225 1271 fficio
1258 1232 1364 1271 numi
1404 1231 1603 1286 expresso,
1660 1232 1853 1274 subiiciunt

526 1299 653 1339 APT.
691 1299 754 1339 vel
785 1297 894 1351 plene
927 1295 1231 1337 ΑΡΤΕΜῙΣε
1267 1295 1365 1335 cuius
1383 1294 1559 1348 exempla
1588 1296 1686 1348 apud
1719 1292 1852 1337 GOL-

527 1359 675 1404 ZIVM
711 1361 912 1402 videantur.
945 1359 1045 1416 Quid
1066 1359 1090 1399 si
1123 1358 1355 1412 accipiamus
1386 1353 1435 1400 τά
1472 1359 1510 1398 Π
1534 1371 1605 1410 pro
1634 1354 1818 1415 ΠξῦῙανις
1837 1392 1851 1413 ,

525 1434 589 1466 aut
621 1424 807 1480 pluratiuo
855 1436 1015 1465 numero
1063 1416 1268 1478 ΠξυἹοίνεις
1288 1454 1298 1473 ,
1331 1432 1373 1462 vt
1412 1423 1566 1462 denotet
1618 1422 1848 1476 praesectum

529 1489 590 1530 vel
625 1489 832 1542 praefectos
881 1487 1067 1528 sacrorum
1102 1487 1140 1526 in
1175 1486 1362 1527 honorem
1413 1482 1661 1540 ΑΡτέμιδος
1708 1486 1851 1527 faciun-

524 1550 702 1594 dorum?
733 1551 807 1594 Sed
841 1551 932 1592 nihil
964 1551 1181 1592 determino
1200 1582 1211 1601 ,
1244 1561 1359 1603 quum
1380 1561 1445 1590 me
1465 1549 1637 1590 maxime
1665 1552 1849 1603 retineat,

523 1618 624 1670 qnod
658 1628 737 1657 non
775 1615 950 1666 Dianae,
985 1613 1047 1654 led
1078 1613 1266 1668 Apollinis
1297 1624 1411 1666 caput
1445 1614 1486 1653 in
1517 1614 1666 1654 aduersi
1698 1614 1849 1668 conspi-

523 1680 630 1722 citur.
698 1679 854 1734 Inluper
882 1680 999 1719 ctiam
1034 1690 1098 1718 me
1130 1678 1270 1718 detinet
1290 1709 1301 1729 ‚
1332 1678 1433 1729 quod
1465 1677 1558 1718 deae
1599 1686 1678 1717 tam
1721 1677 1848 1734 hono-

522 1753 622 1787 ratae
655 1755 799 1784 nomen
832 1742 1066 1793 minotauri,
1100 1741 1160 1795 qui
1193 1741 1296 1781 vrbis
1343 1738 1561 1792 symbolum
1594 1740 1676 1793 est,
1696 1741 1846 1782 subiice-

521 1820 560 1849 re
595 1808 776 1862 pedibus‚
813 1806 1029 1861 semperque
1063 1805 1254 1860 virginem
1286 1805 1334 1848 ad
1365 1806 1459 1847 tauri
1491 1804 1615 1846 virilia
1656 1804 1846 1847 collocare

521 1873 634 1912 nimis
668 1871 840 1912 indecens
873 1870 1004 1911 suisset.

637 1935 769 1991 Quum
804 1934 1029 1975 beneuolum
1065 1933 1247 1974 restorem
1282 1932 1459 1974 haetenus
1490 1931 1656 1986 Neapoli
1673 1932 1843 1974 detinue-

519 1998 631 2049 rim,
683 2008 882 2052 antequam
935 1997 1033 2038 illinc
1066 1997 1322 2049 discedamus,
1366 1996 1551 2037 subiiciam
1601 1996 1676 2036 cius
1723 1998 1844 2040 oculis

526 2061 726 2106 nmnulum
759 2072 1007 2118 argenteum:
1037 2062 1087 2104 de
1119 2073 1195 2120 quo
1226 2060 1390 2118 ipsemet
1428 2060 1582 2104 edoceri
1632 2059 1840 2103 vehemen-

1782 2133 1843 2170 tet
