2020 2668
261 97 383 146 DVO
415 93 575 144 NVMI
611 93 948 139 GELENSIVM
986 90 1335 137 ILLVSTRATI.
1405 107 1490 147 3:31

198 213 327 254 nuruis
344 242 358 263 ,
390 211 451 266 qui
480 222 500 252 a
531 207 739 251 ciuitatibus
768 207 828 250 sub
860 207 970 248 vuius
1001 205 1203 261 imperium
1236 205 1390 247 redactis
1423 206 1497 246 cufi

197 276 341 317 suerum
362 307 374 327 ,
405 275 556 315 nomina
587 272 802 327 principum
836 271 936 312 fiiiss‘e
968 269 1046 310 sola
1080 269 1251 324 inscripta
1268 301 1280 322 ,
1328 278 1389 310 aut
1424 279 1498 310 vna

196 350 286 379 cum
319 336 451 391 populi
485 336 696 377 mentione.

310 398 372 440 Sic
404 399 502 453 apud
536 395 795 438 GOLZIVM
827 397 905 439 tab.
939 395 989 438 X
990 395 1023 437 1.
1056 395 1223 449 prostant
1239 395 1315 436 duo
1333 427 1344 446 ,
1364 394 1401 434 in
1419 394 1499 448 qui-

198 462 263 504 bus
296 471 439 516 praeter
470 456 672 502 ΓΕΛΑΣ
722 459 817 500 nihil
866 459 1025 513 legitur:
1076 457 1204 512 hisque
1255 457 1432 498 Hieronis
1462 466 1500 497 et

197 521 316 566 Gelae
348 525 583 565 mentionem
617 523 789 564 ficientes
821 523 882 563 sex
913 522 1198 574 subiunguntur:
1231 533 1321 561 cum
1341 518 1418 559 solo
1435 532 1503 560 au-

199 596 280 627 tem
314 587 488 627 Hieronis
519 586 677 626 nomine
709 584 835 627 tabula
865 585 989 627 XIII.
1028 592 1187 637 quatuor
1220 583 1396 624 visuntur.
1431 582 1501 622 Pu-

199 658 245 689 to
292 658 417 690 autem
468 649 551 689 illos
600 660 764 700 omnes,
814 648 852 688 in
885 648 1014 702 quibus
1061 656 1209 687 tantum
1266 640 1501 697 ΓΕΛΑΣ,

200 711 493 753 ΓΕΛΩΙΩΝ
525 719 588 751 aut
618 710 882 752 ΓΕΛΩΩΝ
919 709 1067 751 mentio
1100 709 1144 749 fit
1164 740 1176 761 ‚
1209 718 1296 750 ante
1345 705 1504 749 Gelonis

197 774 418 815 Hieronisue
450 773 654 826 imperium
690 772 789 813 fuisse
822 773 1008 826 procusos.
1091 771 1221 827 Quum
1272 783 1368 811 vero
1416 779 1504 810 ante

198 833 441 879 Salaminiam
475 848 640 890 pugnam
673 832 772 876 Gelo
806 836 883 877 iam
911 834 1094 886 Syracusis
1127 834 1268 887 potitus
1292 834 1406 874 esset:
1440 832 1503 873 illa

197 908 324 939 autem
359 909 437 939 tam
470 899 624 939 celebris
656 911 779 951 pugna
798 930 809 950 ‚
840 911 890 939 ex
922 895 1145 938 PETAVII
1195 897 1336 937 calculo
1355 927 1366 947 ,
1416 904 1502 934 ante

198 961 345 1002 initium
378 972 483 999 aerae
516 959 746 999 Christianae
767 962 868 999 annis
884 969 1146 1000 ccoenxxx,
1163 958 1364 998 acciderit:
1394 965 1502 997 erunt

197 1035 248 1064 ex
280 1023 350 1063 hac
383 1021 581 1075 hypothesi
613 1021 809 1062 certissime
843 1022 1004 1062 maiores
1036 1029 1154 1061 aetate
1185 1032 1281 1060 xx1
1298 1032 1338 1059 1.
1381 1018 1503 1060 {hecu-

198 1085 334 1127 lorum.
395 1084 584 1126 Incertum
617 1093 742 1124 autem
779 1084 948 1137 relinquo
970 1113 983 1134 ,
1014 1091 1191 1136 quantum
1226 1082 1318 1122 vltra
1345 1082 1386 1121 id'
1401 1090 1501 1121 tem-

199 1160 266 1202 pus
295 1157 519 1188 excurrant:
551 1159 668 1200 quum
698 1155 783 1187 ante
810 1143 1002 1187 Gelonem
1038 1146 1115 1186 iam
1153 1153 1503 1186 commemorentur

199 1211 347 1262 tyranni
378 1208 611 1251 Gelenfium.

314 1273 535 1327 anuamne
566 1273 695 1326 postea
725 1274 876 1327 plenam
914 1273 1122 1314 libertatem
1142 1305 1154 1324 ,
1204 1285 1293 1314 cum
1346 1272 1499 1326 pristino

197 1334 292 1376 flore
311 1367 322 1388 ,
353 1337 623 1388 recuperauerit
658 1333 783 1390 Ge1a3
816 1337 912 1377 haud
944 1336 1168 1389 expeditum
1200 1334 1251 1375 cst
1267 1336 1402 1375 dicere.
1436 1334 1498 1374 In·

199 1399 313 1438 venio
330 1397 413 1440 lime
444 1395 619 1438 Gelenses
633 1399 767 1452 aliquid
784 1400 921 1439 virium
941 1398 1129 1438 exseruisse
1155 1397 1372 1449 Agathoclis
1399 1408 1497 1436 tem-

199 1461 378 1515 poribus,
411 1460 699 1502 Atheniensium
733 1473 809 1514 ope
843 1461 1027 1501 subnixos.
1092 1461 1253 1500 Videtur
1284 1469 1409 1500 autem
1437 1458 1497 1498 hic

200 1532 370 1574 tyrannus
403 1524 573 1564 omnium
604 1523 812 1577 grauiffime
843 1522 976 1565 Gelam
1010 1521 1176 1563 deiecisse
1195 1555 1206 1573 ,
1245 1535 1400 1576 eamque
1433 1523 1495 1562 de-

206 1586 333 1638 inceps
365 1585 424 1626 sub
455 1586 588 1626 Poenis
628 1599 831 1638 numquam
881 1586 1110 1626 conualuifle.
1172 1586 1325 1626 Horum
1372 1593 1498 1625 autem

200 1647 305 1687 rebus
339 1649 466 1700 primo
500 1649 622 1689 statim
654 1648 755 1688 bello
786 1650 926 1690 Punico
956 1658 1098 1689 tautum
1129 1648 1259 1687 attritis
1278 1680 1288 1699 ‚
1321 1659 1363 1688 vt
1402 1645 1494 1687 Sici-

201 1709 290 1749 liam
324 1711 507 1751 Romanis
537 1713 754 1764 permittere
784 1712 984 1752 deberent:
1032 1723 1109 1751 nou
1148 1711 1200 1751 est
1234 1722 1328 1750 vero
1375 1710 1494 1749 simile

202 1772 249 1812 ab
282 1772 345 1812 illo
381 1782 555 1826 tempore
588 1786 723 1814 numos
755 1775 807 1815 ibi
837 1774 935 1814 fuiffe
967 1774 1161 1814 conflatos
1226 1772 1334 1813 Vnde
1366 1772 1392 1812 fi
1425 1773 1497 1813 mi·

201 1835 349 1874 nimam
381 1844 538 1896 aetatem
574 1845 867 1889 computemus,
914 1838 988 1877 duo
1018 1848 1201 1876 annorum
1253 1835 1370 1875 millia
1420 1835 1497 1875 iam

200 1896 421 1938 effluxerunt
451 1899 494 1939 ad
529 1899 646 1939 nostra
678 1908 862 1952 tempora.

314 1958 390 2000 Sub
422 1962 605 2002 Romanis
638 1974 729 2002 vcro
763 1959 858 2002 Gela
892 1973 1098 2014 numquam
1133 1971 1365 2013 magnopere
1390 1959 1496 2000 fulsit.

203 2018 418 2063 STRABO
450 2023 624 2066 miseram
654 2025 729 2066 eius
758 2025 1021 2065 conditionem
1051 2021 1247 2065 describit.
1279 2015 1370 2064 ’όυτε
1406 2019 1495 2077 γὰρ

756 2088 795 2129 Τ
829 2096 844 2128 t
878 2099 903 2126 2
1321 2083 1498 2140 Ἱμέραν
