2020 2668
325 411 396 443 Τὼ.
433 409 482 450 fig.

551 112 641 162 348
828 102 1127 150 GALERIAE
1160 98 1445 149 ITALERIAE
1476 104 1605 149 AVG.

544 235 636 263 men
670 220 828 262 eluceat.
894 218 946 259 In*
972 231 1046 273 quo
1079 218 1253 260 maxime
1286 219 1408 259 differt
1440 220 1488 261 ab
1519 229 1653 261 ornatu
1686 214 1857 263 Galeriae

543 286 714 326 Valeriae
734 319 744 336 ,
777 295 870 338 quae
903 284 1048 324 monile
1081 284 1121 323 in
1155 282 1275 323 altum
1309 282 1511 324 lurrec'tum
1544 294 1583 324 et
1619 284 1748 338 ample
1789 297 1859 327 ex-

541 349 635 389 stans
667 348 837 388 ostentat.

654 410 729 452 Sed
763 411 857 452 alter
889 407 1060 452 Galeriae
1093 410 1263 452 Valeriae
1293 411 1481 465 Augustae
1505 442 1516 461 ,
1559 422 1671 464 quem
1721 412 1860 464 pariter

540 474 812 516 accuratissime
844 475 1072 515 delineatum
1117 475 1279 526 damus,
1333 487 1496 526 numus,
1549 474 1642 514 nihil
1693 477 1858 516 omnino

539 538 627 580 sistit
649 571 660 590 ,
693 539 794 593 quod
830 539 877 579 ad
912 537 1141 578 Herculeum
1173 548 1345 578 ornatum
1377 537 1512 578 referre
1530 536 1665 590 pollis:
1702 537 1768 577 etsi
1786 538 1863 578 lbr-

542 603 711 643 titudinis
743 602 904 655 aliquam
935 602 1219 641 denotationem
1255 601 1369 641 habet
1418 599 1610 640 manifesta
1661 600 1786 653 galeae
1818 601 1865 642 fi-

541 665 732 706 militudo.
799 666 931 706 Etiam
964 664 1024 704 hic
1058 663 1271 718 exliirgcus‘
1298 664 1345 704 ab
1388 665 1483 704 auris
1534 664 1688 717 regione
1737 664 1863 718 aliquis

541 741 641 782 apex
674 729 930 782 conspicitur,
964 727 1020 769 led
1055 728 1178 768 oculus
1199 761 1209 780 ,
1242 728 1358 768 etiam
1393 728 1499 768 vitris
1545 729 1714 779 adiutus,
1765 726 1862 768 nihi}

538 793 709 834 distincte
740 793 864 847 potuit
898 792 936 831 in
972 804 1022 832 eo
1064 791 1305 845 cognoscere.

656 857 844 897 Auersum
877 856 1068 908 Vtriusque
1100 856 1206 896 numi
1241 855 1332 896 latus
1366 855 1403 894 in
1436 865 1484 895 eo
1504 886 1515 906 ,
1550 854 1650 907 quod
1684 855 1735 895 rei
1762 852 1861 895 sum·

538 931 648 960 mam
683 920 800 960 efficit
820 951 831 970 ,
863 918 1059 971 conspirat.
1126 918 1277 960 Scilicet
1311 918 1395 959 sistit
1429 918 1615 958 Venerem
1645 918 1859 959 victricem.

538 981 621 1022 Stat
652 984 720 1023 dea
756 982 883 1022 stolata
904 1014 915 1032 ,
947 983 1153 1034 dextraque
1187 994 1349 1035 pomum
1385 980 1546 1033 praefert
1569 1012 1581 1031 ,
1615 981 1749 1021 sinissra
1785 982 1859 1021 sto-

539 1045 598 1084 lae
633 1046 812 1085 fluentem
848 1054 996 1098 partem
1032 1045 1165 1084 eleuat.
1233 1044 1334 1099 Quid
1367 1043 1432 1084 sibi
1466 1043 1579 1082 velint
1612 1045 1647 1083 in
1681 1056 1764 1084 arca
1804 1044 1859 1084 al·

539 1108 677 1159 terius,
712 1108 800 1147 hinc
836 1107 933 1146 stella
953 1138 964 1157 ,
998 1106 1098 1146 illinc
1131 1107 1215 1146 luna
1253 1105 1449 1159 crescens,
1482 1107 1521 1145 in
1555 1107 1699 1146 alterius
1731 1117 1858 1147 autem

538 1168 627 1211 hinc
647 1170 742 1210 ssella
763 1170 862 1209 illinc
884 1171 918 1210 Γ
940 1184 947 1207 ;
981 1178 1020 1208 et
1039 1178 1167 1209 vtrum
1195 1167 1430 1209 officinarum
1452 1178 1596 1208 tantum
1633 1178 1744 1209 notae
1764 1170 1859 1219 siut,

539 1246 586 1273 an
638 1233 777 1287 aliquid
811 1232 934 1273 altiori
971 1232 1147 1285 indagine
1198 1231 1459 1285 requirendum
1512 1231 1732 1282 includant,
1782 1244 1861 1273 non

536 1296 655 1337 audeo
689 1297 954 1336 determinare.
1021 1295 1188 1336 Litterae
1223 1295 1377 1348 pedibus
1407 1296 1498 1335 deae
1530 1295 1710 1335 (abiectae
1741 1308 1778 1335 in
1805 1296 1859 1336 al-

537 1369 618 1400 tero
653 1372 729 1402 non
765 1359 843 1400 satis
875 1368 1031 1413 patent:
1067 1359 1106 1398 in
1141 1359 1263 1399 altero
1302 1359 1467 1398 ommno
1515 1358 1735 1411 conspicuae
1779 1358 1859 1399 sunt

538 1421 563 1463 S
585 1423 644 1464 M.
679 1420 776 1464 TS.
815 1422 876 1463 Ex
909 1421 1091 1462 Harduini
1126 1422 1394 1474 interpretandi
1446 1421 1571 1474 regula
1613 1423 1755 1475 exponi
1791 1423 1857 1462 de-

540 1487 654 1527 bent:
690 1483 960 1528 SOCIETAS
1003 1483 1411 1528 MERCATORVM
1465 1483 1855 1527 TREVERENSIS

538 1548 820 1592 SECVNDA.
888 1549 932 1602 ln
970 1550 1103 1589 medio
1135 1548 1228 1588 haec
1267 1549 1383 1602 posita
1426 1547 1620 1601 relinquo:
1677 1549 1766 1588 illud
1800 1559 1850 1589 ta—

538 1626 624 1654 mec
660 1626 807 1654 moneo
827 1645 837 1663 ,
874 1612 1055 1666 punctum
1093 1614 1187 1652 inter
1219 1612 1414 1652 secundam
1448 1622 1486 1650 et
1522 1612 1668 1651 tertiam
1689 1613 1852 1652 litteram

535 1677 729 1730 conspicue
762 1677 904 1717 exstare
942 1677 979 1715 in
1014 1675 1233 1729 archetypo.

654 1740 748 1782 Non
787 1742 912 1792 vtique
965 1752 1044 1779 rara
1097 1739 1148 1778 cst
1192 1741 1228 1778 in
1262 1739 1387 1779 numis
1436 1739 1618 1780 Romanis
1669 1736 1852 1780 VENVS

535 1803 810 1855 VlCTR1x3
847 1802 904 1842 l'cd
940 1813 982 1842 vt
1018 1812 1115 1855 typo
1148 1802 1287 1842 diucrlit
1323 1803 1462 1855 prostat
1485 1835 1495 1852 ,
1547 1803 1591 1842 lic
1635 1803 1730 1842 ratio
1764 1815 1852 1842 canl

536 1868 698 1920 signandi
734 1867 833 1907 varia
866 1875 904 1906 et
937 1866 1073 1905 diuerla
1104 1866 1249 1906 diuersis
1281 1866 1511 1919 principibus
1561 1865 1639 1905 suit.
1706 1866 1855 1905 Ouinc5

536 1932 737 1981 nouimus,
773 1943 888 1983 quam
924 1928 1032 1981 lacpe
1065 1941 1151 1968 cam
1189 1930 1247 1969 xel
1280 1930 1436 1969 llantcrn
1475 1928 1535 1967 vel
1578 1929 1764 1968 (adt-utem
1802 1929 1855 1968 in-

538 1995 731 2032 veniamus
763 1993 797 2031 in
835 1994 875 2032 iis
896 2023 906 2041 ,
941 2006 1034 2044 quos
1066 1993 1111 2032 ad
1148 1992 1229 2032 Iulii
1263 1990 1423 2031 Caclz'uis
1474 1990 1662 2030 houm-tm
1717 1992 1853 2032 Annii-

538 2055 604 2097 lius
637 2055 768 2106 Buca,
804 2054 988 2109 Sepullius
1023 2055 1184 2108 Macer,
1215 2053 1262 2095 C.
1301 2055 1562 2105 matidianus,
1595 2055 1682 2106 alii,
1716 2056 1851 2095 cuden-

1784 2120 1853 2158 dos
