2020 2668
318 92 439 160 QVA
452 90 727 154 ..RATIONE
766 85 1256 136 INSTRVMENTVM
1288 95 1357 135 cet.
1424 102 1478 143 27
1486 103 1510 145 ς

208 206 309 248 vallo
347 218 432 254 :300
467 205 604 260 digitos
636 204 787 247 cubicos
818 204 968 260 pluuiae
999 205 1041 245 in
1067 203 1301 258 superficiem
1344 215 1397 254 25
1435 205 1514 259 dig.
1582 257 1585 262 ¹

210 271 476 324 quadratorum
507 269 668 310 cecidifl‘e
687 301 697 320 ,
729 280 822 322 quae
840 301 852 321 ,
903 268 931 309 si
951 265 1085 310 *omnis
1113 268 1154 308 in
1185 268 1271 309 vase
1303 268 1487 323 stagnaret
1506 301 1519 322 ,

211 346 258 374 ne
289 334 396 373 vnius
427 333 576 387 quidem
611 331 719 384 digiti
751 330 998 372 altitudinem!
1017 331 1214 372 obtineret.
1284 332 1385 372 Hinc
1409 332 1520 374 simul

211 401 314 450 patet
354 396 593 436 altitudinem
625 395 837 448 capacitatis
867 393 1152 435 vasis‘duorum
1183 402 1328 435 tantum
1367 395 1518 449 'digito-

211 472 294 499 rum
329 459 399 500 effe
433 457 549 512 potse.
615 457 686 498 Ast
715 469 762 498 ne
792 455 898 498 fiibro
929 457 1085 511 lignario
1117 458 1312 512 negotium
1346 457 1520 512 facessat,

213 523 334 563 maior
364 522 519 562 altitudo
551 521 626 561 vasi
658 516 766 561 tribui
799 521 933 574 potest.
1052 518 1053 521 ’

329 583 429 626 Cum
463 585 572 636 igitur
603 597 736 637 aquam
778 584 888 631 initio
925 583 1061 625 mensis
1106 585 1260 626 infusam
1310 584 1522 626 mensurare

211 648 418 703 possimus,
452 658 648 701 antequam
698 646 953 700 infundimus,
1001 658 1039 688 et
1071 648 1221 701 pluuiae
1275 651 1521 702 quantitatem

212 724 279 766 per
319 723 384 751 vas
430 710 619 762 hyetom:
674 709 954 764 determinare,
994 710 1092 751 facili
1142 712 1298 764 negotio
1346 713 1524 765 quantitas

210 787 322 828 aquae
353 773 543 814 exhalatae
575 773 794 823 innotescit,
825 772 852 813 fi
884 785 905 813 a
935 773 1081 814 summa
1122 786 1173 814 ex
1203 774 1406 827 quantitate
1441 775 1524 828 pluss·

212 839 293 878 uiae
312 870 323 889 ,
356 849 422 889 per
456 848 521 876 vas
551 834 738 886 hyetom:
772 835 1043 876 determinatae
1077 844 1114 875 et
1133 847 1249 889 aquae
1276 837 1386 876 initio
1409 849 1524 878 men-

212 900 255 940 fis
288 898 418 939 infusae
439 931 450 950 ,
483 910 599 950 aquae
617 897 819 951 quantitas,
854 911 947 952 quae
979 897 1039 938 sub
1065 897 1191 937 <finem
1226 899 1363 939 mensis
1395 900 1434 939 in
1455 912 1524 940 va-

210 963 244 1002 se
280 970 480 1012 remanet,
532 959 770 1000 subtrahatur.
854 960 1079 1002 Differentia
1112 961 1216 1001 enim
1267 962 1363 1002 inter
1413 962 1522 1004 istam

212 1026 397 1065 summam
430 1032 468 1063 et
497 1035 630 1076 aquam
663 1022 808 1063 influe
841 1025 976 1065 menfis
995 1023 1183 1065 ‘residium
1225 1025 1295 1065 erit
1344 1026 1525 1079 quantitas

213 1100 327 1141 aquae
362 1096 580 1139 euaporatae
612 1098 660 1126 cx
693 1085 883 1140 superficie
916 1101 938 1126 2
947 1099 968 1138 5
1007 1087 1123 1140 degit.
1142 1088 1307 1141 quadrat.
1327 1101 1421 1142 quae
1446 1096 1526 1131 erat

213 1150 512 1191 determinanda.

335 1213 455 1253 Facile
489 1221 594 1265 patet
626 1212 652 1252 fi
687 1211 749 1252 tali
780 1211 1026 1253 instrumento
1058 1212 1105 1253 ad
1137 1212 1395 1266 inquirendam
1436 1226 1527 1255 eua-

219 1277 419 1330 porationis
452 1287 568 1328 aquae
600 1276 847 1328 quantitatem
870 1305 881 1323 ‚
922 1278 1092 1326 vtirnur,
1128 1280 1204 1315 ιιοηΙ
1235 1277 1379 1316 neceffe
1419 1277 1490 1317 css‘e
1510 1309 1523 1329 ,

218 1350 262 1379 vt
295 1338 458 1391 quotidie
494 1350 590 1378 noua
624 1351 714 1392 aqua
747 1339 953 1379 infundatur
973 1371 984 1393 ‚
1018 1338 1105 1380 hinc
1147 1339 1404 1390 commodum
1455 1339 1526 1382 effe

218 1402 522 1443 instrumentum.

799 2105 840 2146 M
864 2118 903 2144 m
943 2117 964 2142 2
1408 2103 1525 2158 QVA
