2020 2668
550 113 640 156 310
705 103 789 148 DE
818 95 1282 148 ELECTRICI'IATE
1312 101 1377 144 IN
1408 96 1759 145 CORPORIBVS

873 179 930 221 45
1009 189 1026 198 “
1091 187 1109 199 “
1479 178 1520 213 Ῑι

877 244 935 283 50
1010 252 1376 263 -----
1476 242 1516 269 1.

549 312 713 356 Durauit
745 312 834 353 hinc
865 309 1115 359 eleetricitas,
1147 307 1285 349 maffiie
1321 320 1426 359 324.
1470 307 1552 348 libr.
1606 307 1708 350 Russ.
1759 320 1871 350 com-

551 378 770 428 municata,
802 388 822 416 a
855 387 912 430 gr.
951 385 1025 414 20.
1060 373 1108 413 ad
1142 385 1200 426 gr.
1242 384 1279 412 1.
1316 385 1383 425 per
1418 383 1489 420 50.
1528 371 1624 411 min.
1661 385 1717 425 pr.
1744 382 1782 412 et
1814 375 1872 413 in·

548 442 626 481 dex
646 453 714 494 per
730 439 861 494 gradus
881 438 1040 479 vltimos
1058 437 1192 476 lentius
1212 435 1372 486 recessit,
1405 447 1518 488 quam
1540 447 1606 487 per
1623 435 1753 488 gradus
1771 436 1876 489 prio-

548 516 618 548 tes.
653 502 697 543 In
717 503 857 557 palatio
876 501 1124 556 imperatorio
1141 499 1291 553 lapideo
1308 499 1526 540 electricitas
1542 500 1691 540 durauit
1728 509 1872 540 tautum

554 567 632 610 duo
650 567 803 609 minuta
821 567 945 621 prima
963 577 984 605 a
1002 576 1062 619 gr.
1087 573 1156 613 25.
1175 562 1218 603 ad
1238 575 1294 616 gr.
1319 575 1358 602 1.

1010 635 1300 716 Experim.
1345 636 1422 695 X.

669 737 781 780 Idem
817 735 1006 790 experim.
1041 748 1084 785 9.
1116 734 1190 774 alio
1220 742 1397 788 tempore
1429 734 1638 775 institutum
1658 734 1710 776 est
1731 766 1742 788 ‚
1763 735 1877 776 massa

556 812 662 853 324.
699 803 782 843 libr.
816 800 920 843 Ruff.
954 797 1196 841 electrificata
1230 808 1267 838 et
1301 799 1421 840 indice
1455 799 1665 840 ostendente
1698 812 1754 854 gr.
1799 810 1870 848 25.

554 867 671 917 index
705 864 853 908 recessit

781 940 802 977 5
843 928 974 982 primis
1005 928 1102 969 min.
1138 926 1256 980 prim.
1290 927 1335 967 ad
1371 927 1528 980 gradum
1567 938 1618 975 15

749 994 805 1030 16
843 992 937 1031 min.
974 992 1091 1046 prim.
1165 1010 1509 1022 -----
1602 996 1625 1031 8

752 1066 804 1103 25
844 1056 937 1094 min.
982 1056 1083 1109 prim
1089 1076 1522 1092 ------
1607 1065 1626 1102 5

553 1117 700 1161 dumuit
734 1117 794 1158 hic
827 1116 1077 1170 eleetricitas,
1109 1115 1246 1159 massae
1281 1126 1383 1166 324.
1423 1116 1502 1156 libr.
1542 1117 1649 1157 Ruis.
1702 1128 1883 1158 commu—¹

557 1183 676 1222 nicata
725 1192 747 1220 a
779 1183 836 1234 gr.
884 1192 955 1229 25.
987 1181 1033 1221 ad
1068 1194 1125 1234 gr.
1166 1192 1204 1219 1.
1239 1190 1306 1232 per
1343 1189 1413 1227 25.
1450 1180 1547 1218 min.
1601 1193 1658 1232 pr.
1694 1190 1731 1219 et
1766 1179 1880 1221 rurliis

556 1245 675 1288 index
706 1256 776 1300 per
805 1243 943 1299 gradus
973 1244 1134 1285 vltimos
1169 1243 1300 1284 lentius
1333 1252 1460 1283 motus
1489 1241 1697 1284 obseruatus
1727 1243 1792 1284 est.

1005 1313 1297 1395 Experim.
1340 1312 1442 1372 XI.

674 1413 828 1457 Eodem
863 1422 1042 1466 tempore
1075 1413 1282 1454 institutum
1316 1423 1392 1464 quo
1424 1412 1660 1465 praecedens,

677 1478 795 1520 Maffi
829 1490 900 1528 24.
935 1477 1017 1520 libr.
1054 1477 1156 1519 Ruff.
1191 1474 1431 1518 electrificani
1463 1485 1503 1516 ct
1537 1477 1656 1517 indice
1680 1476 1879 1518 ostenden-

559 1551 598 1585 te
630 1554 686 1598 gr.
728 1554 800 1591 25.

711 1618 733 1655 5
758 1606 871 1660 prim.
891 1604 1048 1646 minutis
1067 1605 1197 1660 primis
1213 1604 1325 1646 index
1343 1602 1485 1645 recessit
1504 1603 1550 1644 ad
1569 1615 1624 1656 gr.
1668 1615 1685 1642 1
1699 1610 1741 1651 ι’..

686 1681 740 1710 ¹0
807 1691 1315 1703 ·······
1384 1681 1397 1722 3
1458 1690 1476 1698 ·
1539 1694 1554 1700 ·
1588 1692 1605 1697 ·
1703 1684 1735 1720 4

684 1745 703 1773 1
714 1745 735 1783 5
807 1752 1600 1768 -----------
1698 1744 1736 1771 1.

563 1797 669 1853 Ergo
699 1798 725 1838 si
760 1799 886 1838 minor
918 1796 1031 1839 maffi
1063 1794 1328 1838 electrificatur
1361 1794 1581 1838 eleaticitas
1623 1796 1728 1836 citius
1775 1795 1884 1838 cellit

563 1862 588 1901 s.
623 1861 861 1903 annihilatur.

990 1930 1286 2013 ExperIm.
1333 1928 1455 1990 XII.

685 2023 798 2065 Maffi
838 2038 895 2078 24
945 2027 1026 2068 libr.
1064 2027 1164 2070 Russ'.
1208 2026 1449 2068 electi-ificam
1499 2037 1535 2067 ct
1584 2025 1727 2068 fasciola
1778 2026 1885 2069 serica

568 2086 749 2143 pollicem
783 2090 856 2130 lata
888 2101 923 2131 ct
962 2101 1001 2139 3.
1039 2091 1195 2148 pollices
1227 2091 1370 2145 longa,
1403 2090 1504 2132 rubri
1542 2092 1708 2148 coloris,
1757 2091 1885 2132 sirma-

1849 2166 1885 2196 ta
