2020 2668
426 87 509 132 DE
534 83 835 131 mvcnsms
864 84 1285 134 METALLORVM.
1445 107 1530 146 ιρι

240 212 457 260 praegnatus
487 200 540 242 est
559 232 570 251 ‚
606 199 854 254 pulchriorem
895 213 986 242 auro
1026 202 1198 244 colorem
1236 203 1390 245 inducit.
1455 206 1534 262 Qui

238 279 349 322 aquas
379 265 597 316 gradatorias
629 272 756 315 parant
771 293 783 311 ,
823 263 967 305 subtiles
997 277 1152 318 vapores
1190 268 1286 307 inter
1317 267 1532 309 soluendum

239 329 466 382 egredientes
503 324 668 380 (nempe
707 325 788 365 illos
826 326 1111 368 inflammabiles
1150 329 1184 377 §.
1210 327 1311 384 12.)
1351 331 1534 372 cohibere

238 391 354 432 solent
371 423 382 442 ,
414 390 608 431 metallum
650 388 843 428 menstruo
888 389 1100 443 parciffime
1139 393 1342 446 ingerendo
1391 390 1456 449 (³³⁸²)
1488 402 1533 435 vt

237 467 380 508 nempe
398 453 535 494 horum
550 451 689 492 auxilio
707 462 757 491 ex
797 464 906 492 mero
919 462 1072 507 argento
1109 467 1239 496 aurum
1283 457 1494 498 extrahant.

351 519 480 566 9116.
514 513 670 556 Metalla
707 515 746 554 in
787 515 921 556 telluris
966 517 1116 569 gremio
1161 518 1255 572 tingi
1297 531 1374 560 non
1412 520 1531 561 ibium

234 591 367 620 aurum
387 612 398 631 ,
429 587 625 630 argentum
656 586 695 616 et
725 589 881 630 cuprum
901 610 913 630 ,
945 591 1036 632 quae
1066 578 1176 633 fiiepe
1207 580 1388 623 defiuecata
1421 595 1531 637 repe-

237 643 404 692 riuntur,
449 638 720 682 euidentissime
756 640 985 694 ostendunt;
1031 641 1091 682 sed
1130 651 1169 683 et
1208 656 1281 697 ea,
1319 657 1412 699 quae
1452 647 1533 686 aliis

240 705 480 745 minemlibus
512 702 680 743 >inuoluta
722 703 907 754 prodeunt
926 735 937 754 ‚
979 703 1084 745 idem
1125 704 1334 759 loquuntur.
1407 706 1528 761 Siqui-

233 766 328 806 dem
357 768 497 820 pyrites
527 777 611 805 rnon
649 764 785 817 nullos,
819 765 903 806 ferri
930 767 1068 807 feraces
1097 765 1242 819 spiritus
1272 770 1360 810 nitri
1392 769 1500 810 soluit
1516 801 1531 822 ‚

234 828 403 881 sulphure
421 861 432 881 ‚
464 828 564 882 quod
596 827 754 867 eosdem
785 840 876 868 cum
908 829 1063 869 metallo
1103 828 1273 871 iunctum
1303 832 1532 885 componit,

234 890 297 930 sub
313 889 436 931 forma
454 891 615 944 pulueris
642 890 799 930 fundum
817 900 972 943 petente
991 889 1024 945 ,,(
1035 886 1123 945 '’W)
1149 892 1343 933 manifesto
1361 895 1499 934 indicio
1518 924 1532 945 ‚

236 953 354 992 etiam
372 952 507 993 ferrum
518 984 529 1004 ‚
547 952 637 992 dum
656 952 801 992 iuuenis
814 952 934 993 adhuc
942 952 1071 1003 heret,
1088 952 1150 993 suo
1167 953 1355 1008 phlogisto
1373 969 1447 996 non
1465 958 1531 997 de·

234 1013 330 1055 stitui
342 1027 445 1056 :cum
465 1014 665 1055 metallum
684 1013 759 1055 hoc
776 1013 964 1069 phlogisso
983 1016 1175 1069 priuatum
1192 1017 1335 1071 spiritus
1353 1020 1438 1060 nitri
1455 1020 1528 1060 mi·

233 1078 338 1117 nime
354 1078 489 1119 adoriri
506 1078 628 1118 soleat.
662 1076 777 1118 Adde
795 1109 807 1129 ,
846 1078 945 1132 quod
991 1077 1245 1132 sulphureum
1274 1082 1426 1122 metallis
1459 1082 1532 1124 cal-

235 1139 364 1180 cinatis
381 1141 597 1181 inmineras
611 1140 764 1180 conflari
782 1140 1024 1193 nequeat‚id,
1043 1141 1141 1194 quod
1159 1155 1246 1182 cum
1267 1144 1416 1196 integris
1432 1144 1529 1185 fucit.

348 1196 388 1245 §-
413 1213 481 1250 17.
513 1201 688 1254 Supremi
723 1201 900 1242 Numinis
932 1205 1166 1255 prouidentia
1193 1205 1241 1244 ita
1263 1211 1528 1258 comparatum

237 1263 318 1316 est,
349 1274 391 1306 vt
422 1265 629 1306 humanum
662 1276 776 1317 genus
806 1277 871 1317 per
905 1265 1040 1306 telluris
1071 1266 1304 1319 superficiem
1336 1268 1524 1320 diffusum,

238 1339 497 1381 quamcunque
552 1327 631 1366 eius
687 1337 835 1379 partem
893 1328 1058 1379 incolat,
1109 1330 1226 1369 vbiuis
1275 1331 1426 1372 metalla
1480 1332 1527 1373 ad

234 1388 345 1430 ‘vsum
378 1388 479 1430 fixum
513 1388 704 1430 neceffiria
737 1389 904 1442 reperiat.
969 1390 1032 1431 Ad
1067 1391 1157 1431 haec
1189 1403 1310 1432 autem
1347 1406 1528 1446 progene-

236 1454 348 1494 randa
383 1465 471 1493 cum
510 1452 637 1506 ingens
674 1453 786 1504 copia
817 1453 987 1506 tingentis
1016 1453 1186 1507 phlogisti
1207 1456 1418 1509 requiratur,
1435 1459 1528 1498 eius·

237 1516 325 1555 dem
382 1515 558 1556 Numinis
613 1514 787 1568 sapientia
837 1517 981 1569 pinguis
1029 1517 1215 1557 mineralis
1234 1550 1246 1568 ,
1313 1518 1409 1571 quod
1458 1520 1527 1562 sul-

234 1576 332 1630 phur
360 1577 617 1631 appellamuS‚
657 1577 875 1618 abundantia
906 1580 1000 1619 imas
1048 1581 1234 1620 montium
1281 1580 1432 1621 latebras
1463 1583 1530 1624 ad-

234 1640 436 1692 impleuit,
477 1653 551 1692 quo
579 1639 718 1680 fictum
751 1640 802 1680 est
823 1672 833 1691 ,
873 1651 914 1681 vt
953 1653 1027 1681 non
1067 1642 1158 1681 olim
1193 1644 1394 1694 duntaxat,
1434 1655 1470 1684 et
1502 1657 1525 1686 a

237 1703 370 1742 mandi
403 1702 624 1743 incunabulis
653 1703 801 1743 metalla
835 1703 964 1744 {iverint
1002 1704 1204 1757 producsta,
1230 1718 1375 1747 ‘verum
1409 1709 1526 1750 etiam

237 1763 336 1806 hunc
368 1776 480 1818 vsque
510 1767 548 1805 in
562 1766 662 1806 diem
693 1766 833 1806 abunde
864 1777 1094 1820 generentur.
1129 1763 1276 1824 (***)

829 1829 868 1867 O
900 1841 926 1866 o
962 1841 984 1867 2
1396 1834 1430 1881 ξ.
1454 1841 1522 1877 18.

250 1885 536 1929 Wkeuus
560 1895 588 1922 in
608 1895 674 1924 tab.
688 1886 894 1933 chffimn.
908 1887 1520 1935 cama—“W

318 1947 375 1982 (**)
396 1946 504 1978 Samius
524 1948 557 1975 de
579 1947 711 1985 sulphure.

323 1995 408 2028 (***‚
432 1996 558 2029 Quamuis
584 2004 638 2023 non
666 1997 760 2026 dsunt
778 2021 787 2037 ‚
823 2002 867 2037 qui
890 1997 935 2026 sibi
960 1999 1106 2036 persuasum
1126 2000 1239 2038 habent,
1272 2002 1373 2030 metalla
1403 2006 1490 2034 omnia
1512 2016 1527 2035 ι

244 2037 339 2066 nundi
360 2036 470 2067 exordio
489 2038 526 2064 ita
548 2035 624 2068 suiffe
646 2037 746 2068 a'Dto
769 2047 854 2069 creata
869 2062 879 2080 ,
910 2046 991 2079 prout
1022 2050 1091 2071 nuuc
1113 2040 1238 2072 soliorum
1262 2052 1341 2082 opeia
1362 2044 1528 2082 deteguntur.
