2020 2668
733 104 953 171 ffikffi&
1412 108 1473 165 '99

173 236 236 296 Μ
241 235 352 296 ΕΤ
356 232 626 295 HODVS
644 231 1019 295 FACILIOR
1030 230 1323 304 ATQVE
1337 232 1474 293 EX-

212 316 589 381 PEDITIOR.
607 317 684 378 IN
688 316 1118 377 TEGRANDI
1147 316 1453 377 FORMV-

312 405 415 450 LAS
446 403 926 451 DIFFERENTIALES
957 402 1333 450 RATIONALES.

728 476 921 508 Avcrotu:

708 533 756 575 L.
791 533 936 577 Eidem,

771 624 808 673 5.
835 642 873 669 1.

182 703 327 802 Cum
360 706 470 762 igitur
508 705 683 747 omnium
726 705 969 748 formularum
1007 704 1244 747 rationalium
1279 702 1479 759 integratio
1497 712 1573 773 (aut)

296 783 360 824 per
391 780 586 823 pmecepta
616 768 746 809 tradita
778 768 927 822 semper
958 768 1093 809 absolui
1126 778 1236 822 queat
1254 800 1265 819 ,
1296 769 1480 808 dummo-

175 833 228 873 do
259 831 558 874 denominatoris
598 830 758 870 fatstores
796 831 870 871 siue
910 830 1094 883 simplices
1134 830 1209 871 fiue
1248 829 1482 870 trinomiales

174 895 405 945 habeantur,
455 893 549 933 nihil
579 893 739 945 amplius
784 893 831 934 ad
864 892 1092 933 methodum
1144 902 1229 932 ante
1270 891 1482 948 expositam

174 955 486 1010 superaddendum
522 956 726 996 videbatur.
772 956 919 996 Verum
954 965 1081 996 tamen
1112 954 1172 995 hic
1206 956 1359 1007 omnia,
1387 967 1483 1009 quae

173 1030 258 1061 ante
276 1020 537 1072 explicuimus,
575 1031 653 1059 non
686 1015 804 1059 solum
839 1019 959 1060 modo
992 1020 1110 1073 magis
1141 1018 1293 1059 naturali
1324 1029 1374 1059 ex
1391 1030 1482 1073 pro-

173 1083 265 1137 priis
293 1083 453 1123 fontibus
484 1082 708 1123 deducemus
730 1114 741 1134 ,
773 1094 906 1122 verum
940 1083 1056 1123 etiam
1092 1091 1287 1136 praecepta
1306 1083 1355 1123 ita
1371 1081 1483 1123 adot-

174 1146 343 1186 mbimus
363 1177 372 1195 ,
415 1156 459 1185 vt
500 1145 697 1197 integratio
745 1148 922 1185 omnium
972 1144 1185 1185 huiusmodi
1235 1144 1483 1186 formularum

178 1209 303 1249 multo
335 1207 472 1247 facilius
503 1217 609 1261 atque
641 1208 845 1260 expeditius
877 1207 1006 1261 perfici
1039 1217 1161 1261 queat.
1236 1207 1407 1248 Primum
1443 1220 1485 1246 e·

179 1271 261 1311 nim
303 1269 528 1310 methodum
570 1280 649 1309 tam
692 1269 861 1311 latiffime
900 1280 1094 1324 putentem
1116 1301 1127 1320 ‚
1171 1282 1285 1323 quam
1336 1268 1483 1310 fficilem

178 1334 383 1387 aperiemus
423 1334 666 1386 cuiuscunque
706 1334 1004 1373 denominatoris
1044 1333 1201 1373 faetores
1251 1331 1485 1373 trinomiales

180 1396 411 1448 inueniendi3
446 1397 536 1436 dum
570 1406 675 1436 antea
695 1395 766 1436 hos
798 1395 955 1436 finitores
986 1396 1149 1436 eruimus
1180 1408 1256 1449 ope
1273 1396 1482 1449 cuiuspiam

179 1460 420 1499 theorematis
452 1459 684 1499 moivraeuni
707 1491 718 1510 ,
761 1460 859 1512 quod
893 1468 1042 1499 tantum
1074 1458 1175 1499 valet
1194 1490 1205 1509 ,
1247 1458 1396 1513 quando
1427 1457 1479 1498 su-

181 1534 333 1576 premae
375 1522 570 1573 potestates
615 1522 788 1562 variabilis
825 1535 881 1574 x,
932 1522 1061 1563 iisdem
1083 1554 1094 1574 ,
1133 1521 1264 1575 quibus
1293 1521 1483 1573 infimae,

180 1584 470 1625 coefficientibus
513 1584 590 1625 sunt
619 1585 863 1626 coniuntstae:
905 1584 1050 1639 hocque
1080 1584 1159 1638 ipso
1191 1585 1483 1637 integrationem

180 1649 226 1688 ud
261 1648 436 1701 plurimas
474 1648 559 1688 alias
597 1642 773 1688 formulas
818 1649 1109 1689 accommodare
1161 1649 1366 1700 poterimus
1385 1679 1396 1697 ‚
1436 1646 1484 1687 ad

183 1722 271 1763 quas
303 1713 402 1763 prior
433 1709 628 1749 methodus
661 1712 782 1751 minus
814 1703 970 1763 genuina
1005 1723 1082 1751 non
1114 1709 1258 1750 sufficit.
1332 1709 1485 1751 Deinde

183 1774 337 1814 inuentis
382 1773 577 1813 fictoribus
626 1784 703 1812 tum
750 1773 972 1826 simplicibus
1021 1785 1134 1827 quam
1184 1773 1483 1823 trinomialibus,

184 1835 405 1876 methodum
449 1837 560 1888 longe
601 1836 864 1888 simpliciorem
908 1849 952 1876 ac
985 1836 1185 1877 faciliorem
1220 1836 1486 1876 communica·

186 1899 305 1939 bimus
336 1911 386 1937 ex
418 1899 578 1951 quolibet
610 1899 747 1939 fictore
780 1899 1071 1940 denominatoris
1100 1899 1390 1952 respondentem
1425 1898 1486 1939 in-

186 1961 331 2014 tegralis
362 1972 506 2013 partem
540 1962 838 2002 determinandi:
871 1963 908 2002 in
942 1975 1017 2017 quo
1049 1962 1200 2015 negotio
1231 1971 1317 2002 ante
1348 1961 1404 2003 vsi
1430 1961 1486 2002 fit-

185 2037 268 2064 mus
299 2025 480 2065 methodo
512 2038 599 2065 cum
632 2026 742 2066 nimis
774 2026 926 2078 operosa
945 2059 956 2079 ,
989 2035 1071 2066 tum
1105 2036 1156 2065 ex
1188 2023 1315 2066 alienis
1345 2025 1505 2079 princi-¹

763 2087 806 2130 N
829 2103 852 2127 2
1412 2088 1484 2138 piis

240 2184 302 2222 (¹⁸¹)
328 2185 382 2215 vid.
396 2185 476 2225 suget.
500 2187 580 2218 mcth.
598 2188 696 2226 integr.
