2020 2668
337 73 532 120 PRODV
535 73 647 116 CEN
650 73 733 115 DA
768 69 918 117 NOVA
952 71 1068 113 TEN
1073 68 1141 112 TA
1146 69 1223 113 MI
1227 72 1268 112 N
1270 70 1310 112 A
1315 103 1323 111 .
1432 82 1518 120 303

223 187 323 229 hunc
339 186 375 227 in
393 185 543 240 gradus,
560 194 599 225 et
617 185 818 238 quemlibet
834 184 988 237 gnidum
1009 184 1044 222 iu
1070 191 1228 235 quatuor
1252 183 1414 235 aequales
1432 194 1515 234 par-

224 260 290 292 tes.
342 249 570 291 Extremitas
587 247 639 288 fili
657 248 741 288 linei
772 249 923 289 distabat
941 247 986 285 ab
1012 258 1095 285 arcu
1120 245 1242 286 circuli
1273 245 1360 284 duas
1393 245 1519 287 lineas.

281 312 518 354 Fulcimento
549 309 668 350 ferreo
700 308 739 352 G
759 342 770 362 ,
801 309 1036 349 electricitate
1065 309 1204 347 donato
1239 308 1347 348 filum
1379 307 1519 349 lineum

223 375 259 417 K
289 373 323 416 C
358 374 576 428 propellitur
607 385 628 412 a
660 373 758 412 ferro
796 372 968 425 inprimis
1017 370 1139 423 regula
1185 369 1298 410 ferrea
1332 369 1365 410 L
1403 369 1446 420 Μ
1480 379 1520 409 et

221 438 379 479 ostendit
410 438 445 477 in
477 448 561 476 arcu
591 435 637 476 Μ
657 434 696 476 Ο
716 435 774 486 P,
812 435 971 488 gradum
992 466 1004 485 ,
1042 434 1105 486 qui
1138 433 1163 473 si
1194 433 1318 475 maior
1348 432 1427 484 est,
1462 433 1514 485 iu7

219 501 318 542 dicat
348 500 532 540 maiorem
564 497 812 538 electricitatis
842 498 996 551 gradum
1019 528 1029 548 ‚
1061 496 1229 539 nondum
1273 508 1367 536 vero
1406 495 1519 541 aflero

219 562 499 604 eleetricitatem
532 560 608 601 hoc
641 561 760 602 indice
801 572 966 601 accurate
1015 557 1215 599 mensurari
1267 558 1368 610 poffe
1389 590 1400 610 ‚
1450 557 1518 599 nist

218 625 414 680 perfectior
445 627 644 674 reddatur,
677 634 714 663 et
747 623 821 676 ipsa
855 623 997 663 theoria
1030 621 1181 663 vorticis
1197 620 1518 674 elec‘triciampli·

218 687 347 729 ficetur
367 719 378 739 ,
411 688 456 726 ad
495 699 605 740 quam
640 686 902 739 perficiendam
951 684 1101 725 initium
1150 683 1234 724 fecit
1263 683 1312 724 B.
1377 683 1514 735 Hssllser

217 752 296 790 nius
326 751 363 790 in
400 749 556 790 Historia
588 749 844 789 eleetricitatis.

281 817 335 863 6)
369 813 430 852 Ex
459 812 566 852 altera
599 822 706 864 parte
739 811 945 851 fulcimenti
978 809 1082 851 ferrei
1116 807 1154 851 G
1188 822 1274 849 cum
1320 808 1514 854 fulcimen-

219 885 262 915 to
310 875 476 926 regulam
527 875 681 915 fierream
731 874 779 928 Q
800 875 834 915 R
863 872 890 912 S
942 871 1118 926 ponderis
1167 872 1344 912 dimidiae
1402 872 1516 918 librae

218 938 317 980 Ruff.
371 937 588 986 coniunxi,
637 937 690 978 R.
735 936 889 975 distabat
929 947 951 974 a
990 934 1211 973 fulcimento
1248 933 1369 978 terreo
1413 944 1463 982 15
1502 937 1517 978 ξ

218 1000 294 1052 dig,
326 999 450 1039 Lond.
515 1007 551 1036 et

278 1059 330 1116 7)
365 1061 428 1102 Ex
460 1060 603 1115 punsto
637 1061 672 1102 R
707 1059 850 1112 regulae
893 1060 986 1115 QR
1007 1057 1034 1098 S
1075 1058 1183 1098 filum
1225 1056 1387 1098 ferreum
1424 1070 1523 1100 con-

218 1124 358 1173 iunxi,
399 1137 486 1163 cum
534 1135 612 1176 quo
653 1123 843 1162 mediante
888 1123 954 1162 filo
994 1121 1096 1161 lineo
1136 1120 1314 1161 malleum
1356 1119 1519 1163 &rreum

218 1186 544 1240 quadrangularem
578 1185 727 1237 longit:
761 1188 789 1223 6
825 1190 838 1231 ξ
871 1186 945 1235 dig.
982 1184 1103 1223 Lond.
1137 1184 1242 1236 pond
1289 1188 1325 1231 ia
1358 1183 1419 1223 lib.
1463 1184 1515 1228 R.

219 1249 329 1302 ligaui
352 1279 363 1298 ‚
396 1247 443 1288 fic
477 1259 521 1288 vt
550 1248 770 1288 extremitas
803 1246 873 1301 (b)
907 1247 1058 1286 distaret
1091 1260 1111 1285 a
1147 1245 1212 1284 filo
1245 1245 1364 1285 fierreo
1403 1246 1518 1287 dimi-

216 1312 319 1352 diam
353 1312 489 1351 lineam
511 1343 522 1362 ,
553 1311 665 1349 altera
698 1323 791 1349 vero
821 1311 1003 1350 incuruata
1038 1309 1126 1348 esset
1154 1308 1307 1361 planum
1341 1309 1518 1362 diagona-

216 1374 252 1414 le
285 1375 434 1424 versus,
467 1373 551 1412 Hoc
584 1372 684 1412 facto

286 1433 339 1490 8)
368 1435 413 1476 ln
466 1434 589 1476 mensa
638 1434 762 1474 fulciui
795 1434 832 1473 in
873 1434 1037 1474 distantia
1087 1432 1284 1485 semidigiti
1320 1445 1340 1473 a
1373 1432 1516 1474 malleo

220 1497 340 1539 ferreo
372 1498 534 1552 pendulo
566 1499 604 1536 in
637 1496 872 1536 sustentaculo
905 1498 1031 1536 vitreo
1076 1506 1302 1547 campanam
1355 1496 1515 1536 metalli-

217 1573 302 1601 cam
334 1561 373 1601 T
392 1594 402 1613 ,
435 1560 604 1614 ponderis
633 1567 648 1611 Ξ
682 1560 797 1599 librae
829 1560 928 1600 Ruff.
965 1559 1010 1599 fic
1033 1569 1072 1598 vt
1106 1558 1256 1597 malleus
1287 1557 1347 1597 be
1383 1556 1515 1604 feriens

217 1635 438 1677 campanam
469 1623 508 1662 T
526 1655 537 1673 ,
567 1635 654 1662 eam
685 1635 773 1662 cum
807 1632 911 1675 parte
933 1652 944 1671 ‚
986 1633 1007 1660 a
1048 1619 1223 1673 superiori
1272 1620 1516 1667 extremitate

216 1696 371 1739 quatuor
403 1694 440 1725 et
469 1685 667 1726 dimidium
699 1686 792 1737 dig:
823 1684 964 1724 distanti
996 1693 1171 1735 tangeret.

281 1745 331 1800 9)
363 1748 491 1788 Aliam
541 1760 763 1800 campanam
815 1747 850 1786 V
900 1747 1064 1799 appendi
1114 1756 1166 1785 ex
1212 1744 1335 1797 regula
1401 1743 1515 1787 ferrea

217 1808 355 1866 QRS
405 1810 590 1850 mediante
639 1809 708 1849 filo
757 1809 906 1859 ferreo,
955 1808 1130 1861 ponderis
1176 1807 1355 1847 dimidiae
1406 1808 1517 1850 librae

216 1873 317 1917 Ruff.
351 1873 398 1913 fic
418 1902 429 1922 ‚
462 1882 507 1912 vt
539 1881 613 1912 tres
652 1871 766 1912 lineas
811 1872 956 1911 distaret
989 1884 1010 1910 a
1043 1870 1175 1910 baculo
1223 1870 1513 1924 quadrangulari.

287 1935 368 1991 ιο)
399 1935 524 1988 Prope
558 1931 793 1987 Campanam
828 1934 863 1974 V
896 1946 946 1973 ex
977 1934 1101 1985 regula
1135 1932 1227 1987 QR
1246 1932 1278 1972 S
1310 1933 1513 1985 pendulam

220 1996 332 2039 alium
365 1997 535 2040 malleum
556 1997 625 2058 sg
656 1997 817 2039 similem
869 1996 1030 2051 appendi
1069 2007 1120 2036 ex
1171 1995 1240 2037 filo
1287 1994 1435 2047 ferreo,
1468 2006 1515 2036 vt

1435 2070 1526 2099 nott
