2020 2668
478 101 532 143 27
542 96 564 136 8
576 88 658 133 DE
674 84 832 132 VERA
847 78 1450 129 SIGNIFICAT.PROCESS.
1465 77 1710 125 MAMILL
1725 87 1796 123 cet.

481 202 666 261 proceffus
696 200 768 256 ipsi
797 212 849 242 eo
878 198 1006 240 habitu
1025 230 1037 249 ,
1070 209 1148 252 quo
1180 194 1360 238 hactenus
1389 196 1532 249 accepti
1563 195 1643 235 fiunt
1664 224 1676 245 ‚
1708 205 1799 235 vera

478 268 636 310 olfactus
665 278 808 320 organa
839 264 928 306 dici,
948 271 1105 317 queunt,
1138 261 1196 301 vti
1218 259 1307 301 iufra
1325 258 1372 315 (§
1399 273 1440 310 9.
1462 256 1560 312 ιο.)
1594 257 1798 298 videbitur.

596 331 632 382 ς.
657 340 699 380 5.
730 328 932 383 Singularis
961 337 1091 368 autem
1125 323 1248 366 forma
1267 356 1278 376 ,
1313 336 1385 377 qua
1419 323 1458 364 hi
1493 319 1682 378 proceffus
1709 332 1803 374 gau·

481 398 570 438 dent
589 428 602 448 ,
632 393 861 448 impediuit,
894 403 973 445 quo
1006 390 1127 432 minus
1159 390 1256 430 inter
1288 387 1386 442 ipsus
1418 399 1549 427 neruos
1575 385 1802 427 referrentur.

482 460 566 502 Hae
595 459 701 500 enim
733 455 878 498 cerebri
911 453 1194 509 productiones,
1228 463 1490 506 praeterquam
1522 450 1622 504 quod
1647 447 1805 490 crassitie

483 523 541 564 sua
575 533 708 564 neruos
742 520 840 574 ipsos
870 518 983 572 longe
1016 517 1267 567 antecedant,
1318 517 1434 556 etiarn
1486 524 1573 554 toto
1612 512 1741 553 habitu
1782 524 1804 553 a

485 587 608 628 neruis
624 586 828 634 differunt,
859 583 1003 636 quippe
1035 581 1093 621 vti
1128 577 1202 632 ipsa
1233 579 1379 619 cerebri
1413 578 1622 628 substantia,
1652 588 1703 616 ex
1723 588 1807 619 rne-

483 650 609 701 dulla,
639 659 677 690 et
708 647 849 689 cortice
869 679 879 698 ‚
918 647 1002 685 imo
1041 653 1081 685 et
1125 642 1211 697 ἱρῆς
1251 643 1393 684 leuibus
1434 639 1654 682 anfractibus
1694 652 1807 680 com-

486 723 677 770 ponuntur
695 745 706 764 ,
740 721 778 752 et
812 721 917 751 veras
943 708 1088 749 cerebri
1121 704 1473 748 excreicentiaseffe
1492 703 1809 759 commonstrant;

486 791 578 821 curn
610 787 741 819 contra
772 775 878 816 nerui
911 772 974 814 sub
1006 771 1127 826 speeie
1157 769 1409 812 fiiniculomm
1451 769 1717 811 medullarium
1757 768 1813 810 21-

489 842 694 884 bicantium
728 849 910 892 apparere
941 835 1090 877 soleant.

606 905 640 953 ἱ
662 907 703 943 6.
737 899 1081 959 Quemadmodum
1125 910 1221 939 vero
1259 897 1378 938 muita
1418 909 1471 938 ex
1511 896 1710 937 brutorum
1743 894 1813 936 de-

487 968 749 1023 scriptionibus
782 968 820 1005 in
852 963 1022 1017 corporis
1054 962 1214 1003 hnmani
1254 962 1449 1002 historiam
1491 960 1666 1001 translatu
1700 957 1779 999 sunt
1799 991 1811 1010 ‚

492 1045 586 1087 quae
620 1042 749 1072 tamen
783 1028 846 1069 vel
877 1027 937 1068 hic
969 1038 1047 1066 non
1082 1025 1342 1079 reperiuntur,
1386 1024 1449 1064 vei
1499 1024 1619 1064 mrim
1660 1023 1814 1064 nonnisi

495 1095 705 1149 improprie
737 1093 870 1134 iisdem
903 1089 1122 1130 nominibus
1152 1088 1314 1142 insigniri
1346 1098 1516 1142 queunt:
1548 1098 1612 1127 ex.
1645 1099 1700 1140 gr.
1735 1098 1816 1128 rete

495 1158 668 1200 mirabile
688 1189 699 1207 ,
736 1154 923 1209 paniculus
954 1153 1152 1203 carnosus,
1201 1151 1413 1192 intestinum
1461 1150 1680 1190 duodenum
1702 1181 1713 1200 ,
1755 1160 1816 1190 tu-

496 1224 577 1264 nica
610 1220 856 1262 allantoidcs:
908 1217 957 1256 ita
997 1216 1119 1255 etiam
1161 1227 1248 1255 cum
1283 1215 1358 1255 istis
1389 1213 1531 1255 cerebri
1565 1212 1820 1267 apopbyfibus

496 1287 643 1328 accidit.
720 1283 826 1326 Nam
872 1281 1069 1335 postquam
1112 1278 1225 1319 semel
1268 1275 1502 1333 processuum
1546 1277 1818 1318 mamillas-ium

499 1351 563 1392 vel
599 1348 835 1404 papillarinm
879 1345 1078 1399 appellatio
1119 1344 1156 1383 in
1198 1342 1412 1384 sermonem
1446 1342 1725 1383 Anatomicum
1760 1353 1820 1381 re·

499 1424 607 1468 cepta
641 1413 727 1454 ess‘et
746 1445 757 1463 ,
789 1411 880 1451 tales
911 1418 1037 1449 autern
1072 1407 1340 1461 productiones
1381 1407 1576 1448 brutorum
1618 1404 1755 1446 ssmiles
1785 1406 1822 1446 in

503 1478 662 1520 homine
696 1488 773 1516 non
807 1473 1088 1524 inuenirentur,
1119 1483 1187 1512 nec
1217 1483 1238 1511 a
1273 1467 1407 1512 Galeni
1439 1469 1681 1524 opinionibus
1712 1467 1822 1510 disce·

505 1543 591 1583 dere
624 1541 728 1582 facilc
761 1537 876 1579 esset:
928 1536 1072 1578 multae
1110 1536 1196 1576 inde
1236 1535 1431 1575 varietates
1471 1546 1512 1574 ac
1554 1532 1823 1585 dissensiones,

305 1604 494 1675 ‘C·}⁴vf²b‘-
512 1608 638 1647 immo
671 1602 936 1652 confusiones,
967 1612 1123 1655 quarum
1159 1601 1235 1640 iam
1269 1597 1432 1639 Vei-lilius
1472 1593 1503 1625 *Ψ
1549 1597 1612 1638 suo
1646 1607 1825 1652 tempore

330 1648 362 1677 1..
419 1655 717 1721 “‘³‘1ncn1init‚
751 1668 848 1708 inter
878 1665 1140 1706 diffectionum
1176 1663 1394 1716 professores,
1425 1662 1580 1703 obortae
1616 1660 1707 1702 finnt.

622 1735 654 1783 §.
677 1745 717 1781 7.
755 1732 834 1772 Alii
868 1730 972 1770 enim
995 1761 1006 1780 ,
1041 1741 1129 1769 cum
1164 1727 1328 1768 sormam
1363 1726 1471 1768 issam
1511 1725 1712 1767 omit-‘turns
1743 1738 1827 1766 ner-

507 1800 565 1838 vis
598 1799 635 1838 in
669 1797 829 1838 homine
862 1795 1079 1848 neutiquam
1115 1801 1331 1844 competere
1363 1791 1570 1843 viderent3
1607 1801 1651 1829 ne
1683 1801 1825 1831 nomen

510 1862 704 1902 abjicerent
727 1894 736 1911 ,
774 1871 906 1899 xerunt
943 1869 1111 1910 organon
1149 1857 1270 1909 potius
1303 1855 1565 1904 deseruerunt,
1610 1863 1648 1893 ct
1691 1854 1827 1893 anteri·

511 1938 577 1965 ora
613 1925 669 1964 illa
705 1924 843 1964 cerebri
880 1922 1064 1962 tubercula
1098 1919 1244 1971 retusa,
1275 1931 1369 1972 quae
1403 1917 1505 1972 super
1537 1916 1731 1956 oculorum
1765 1929 1827 1956 or-

512 1988 597 2028 bitis
629 1988 875 2040 prominent,
928 1985 1154 2026 mamiliam-s
1197 1981 1376 2036 processus
1417 1990 1623 2028 vocarunt,
1675 1991 1714 2019 ct
1757 1992 1828 2033 pro

512 2052 666 2093 olfactus
701 2063 843 2104 organo
877 2050 1100 2090 habuerunt.
1139 2047 1289 2088 aliane
1332 2045 1562 2099 postremam
1605 2045 1827 2098 opinionem

1671 2107 1831 2148 Vetanus
