2020 2668
234 88 318 132 DE
334 87 492 133 VERA
505 82 850 132 SIGNIFICAT.
859 77 1093 133 PROCES.
1106 78 1429 132 MAMleet.
1448 95 1540 139 277

238 201 340 255 „offi
371 201 549 243 colatoria
581 202 700 257 posita
732 201 857 254 fimt„.
940 200 1027 257 Qua
1069 198 1223 254 quidem
1261 196 1507 252 descriptione
1525 230 1539 251 ‚

240 274 328 306 vtut
358 264 586 318 incompleta
607 297 619 317 ‚
644 265 828 319 siquidem
863 262 924 305 illa
963 275 1052 304 cum
1093 261 1298 303 vitulorum
1337 261 1541 315 ouiumque

239 328 396 368 cerebris
427 327 633 379 conteratur
651 359 663 380 ,
693 327 785 369 nihil
815 328 936 368 verius
966 326 1037 368 dici
1069 325 1206 381 potest.
1267 323 1316 366 In
1346 322 1406 365 his
1436 324 1543 365 enim

238 391 354 431 brutis
393 391 551 431 omnino
591 391 680 432 tales
719 389 881 431 distincti
920 388 1103 444 processus
1140 385 1216 443 (ita
1253 387 1357 429 enim
1397 395 1545 428 veteres

238 453 440 494 anatomici
481 453 584 494 latini
623 452 833 508 apophyses
881 464 1097 506 graecorum
1145 450 1343 492 nominare
1393 447 1544 506 amant)

239 528 261 555 a
291 516 384 556 lobis
415 516 554 556 cerebri
586 517 829 557 anterioribus
858 515 989 557 diuersi
1009 545 1021 566 ,
1055 514 1102 555 ab
1130 512 1373 556 anterioribus
1401 513 1547 554 ventri·

240 578 330 620 culis
357 578 514 631 oborti,
558 579 598 620 in
629 579 702 621 bafi
739 579 882 620 cerebri
915 578 1175 620 decumbentes
1203 576 1546 631 deprehenduntur.

354 641 389 690 §-
410 655 452 693 3.
489 641 583 698 Qiis
612 654 706 683 vero
733 641 803 698 hos
834 640 1022 697 proceffus
1053 641 1226 696 primum
1259 639 1483 681 mamillares
1506 648 1547 680 et

240 704 436 758 pupillares
463 704 703 759 appellauerit
721 737 733 757 ,
775 717 852 746 non
890 717 1007 759 aeque
1045 704 1201 745 constat.
1264 701 1460 744 Probabile
1491 701 1546 743 est

240 775 368 808 autem
388 798 400 818 ‚
432 767 662 821 temporibus
692 767 833 809 Vesalii
862 767 1020 808 demum
1055 765 1133 808 hoc
1165 776 1315 807 nomen
1345 763 1545 816 inualuifle‚

241 841 329 870 cum
361 841 410 869 ne
443 826 658 871 Guntherus
690 825 723 859 '¹¹‘
757 830 909 884 quidem
928 828 1220 870 Andernacenfis
1237 859 1249 879 ‚
1281 825 1744 869 VesaiiiPrae-*³n1nsti‹ne-

240 900 373 944 ceptor
402 891 496 932 illius
525 893 741 933 meminerit
759 924 771 944 ,
812 891 974 932 Vesalius
1009 899 1133 932 autem
1167 891 1243 930 iam
1277 889 1323 930 ad
1355 868 1682 930 consuetu-⁶⁰⁸‘m'

238 953 370 994 dinem
405 949 439 983 ²*
472 963 668 1007 prouocet.
734 954 908 1011 Quisquis
936 963 1060 995 autem
1093 952 1202 994 huius
1229 952 1547 994 denominationis

237 1016 366 1058 auctor
397 1017 536 1072 flierit3
567 1017 848 1059 concedendum
881 1016 934 1058 est
951 1049 964 1068 ,
1005 1016 1105 1057 illam
1139 1016 1299 1057 omnino
1330 1027 1419 1056 cum
1452 1027 1543 1070 pro-

234 1080 394 1121 cessiium
426 1079 543 1134 figura
576 1079 655 1120 finis
685 1090 773 1134 apte
805 1092 1043 1134 congruere3
1075 1079 1217 1133 quippe
1250 1079 1290 1119 in
1308 1079 1430 1119 vitulis
1447 1090 1544 1120 ctas-

236 1142 432 1184 fitudinem
466 1143 574 1196 digiti
604 1143 735 1184 indicis
763 1152 960 1197 aequantes
976 1174 987 1194 ,
1027 1153 1223 1182 vaccarum
1257 1142 1443 1182 iuniorum
1476 1155 1544 1196 pa-

234 1204 335 1260 pillis
352 1237 363 1258 ,
393 1206 494 1260 queis
523 1204 671 1247 Vesalio
700 1202 733 1237 ³*
764 1207 884 1262 placet
913 1206 1147 1260 aequiparare
1168 1237 1182 1258 ,
1221 1216 1406 1260 perquam
1438 1198 1748 1247 fimi-'³⁰¹³”mffl0

1549 1241 1660 1273 observ.
1678 1241 1748 1272 Fal-

233 1268 285 1310 les
312 1266 405 1310 sunt.
1552 1282 1612 1322 top.

351 1333 385 1382 ξ.
410 1345 453 1382 4.
486 1331 609 1386 Origo
628 1344 651 1386 ,·
670 1332 827 1375 direcstio
857 1341 896 1375 et
926 1329 1106 1374 terminus
1136 1330 1276 1372 horum
1310 1332 1543 1386 processuum

235 1394 390 1436 eflecere
408 1427 421 1447 ‚
452 1404 497 1436 vt
528 1405 666 1436 veteres
698 1397 782 1437 illos
814 1408 888 1452 pro
920 1394 1073 1437 olfactus
1103 1407 1248 1449 organo
1278 1393 1485 1446 habuerint,
1504 1405 1543 1436 et

235 1466 424 1512 praeterea
455 1458 596 1498 cerebri
631 1460 803 1512 pituitam
846 1472 914 1513 per
945 1458 1098 1498 eosdem
1139 1459 1338 1512 expurgari
1372 1458 1544 1499 credide-

234 1521 344 1575 rint;
385 1534 459 1576 qua
492 1521 682 1563 methodo
721 1532 846 1564 autem
881 1531 1082 1575 Vtrumque
1114 1516 1395 1562 hoc'officium
1433 1533 1540 1575 prae·

238 1584 370 1625 starent
387 1617 398 1637 ,
429 1596 479 1625 ex
511 1583 704 1636 systemate
735 1585 978 1627 Aristotelico
1010 1584 1109 1638 quod
1130 1581 1297 1625 Galenus
1327 1583 1540 1636 adscita-‚rag

235 1649 295 1688 vti
329 1646 369 1687 in
398 1648 476 1687 eius
507 1646 627 1689 Libro
645 1647 758 1689 VIII.
792 1650 841 1690 de
873 1647 939 1690 vsu
973 1648 1134 1701 partium
1165 1648 1343 1700 ampliter
1373 1646 1446 1700 legi
1467 1659 1542 1700 po-

233 1710 302 1751 test
320 1742 332 1761 ,
363 1710 553 1764 explicate
583 1712 712 1753 conati
745 1713 838 1753 sunt.
904 1711 1067 1752 Fauebat
1092 1703 1192 1751 ¹huic
1223 1710 1394 1763 opinioni
1428 1711 1540 1750 iuter-

235 1786 282 1813 na
314 1773 448 1813 cauitas
467 1803 478 1822 ,
511 1785 603 1826 quae
633 1787 722 1816 cum
754 1775 964 1816 ventriculis
995 1773 1080 1826 ipsis
1111 1786 1178 1826 per
1210 1783 1353 1814 meatus
1386 1773 1537 1826 singula-

1554 939 1571 958 ⁸
1579 940 1613 971 C.
1620 941 1657 972 Η.
1664 940 1741 974 Fabr-

1553 983 1591 1015 ιι
1599 981 1651 1014 lv.
1666 991 1690 1014 c-
1700 989 1733 1023 2⁸

234 1848 321 1888 res,
352 1847 444 1888 quos
475 1835 641 1877 Vesalius
672 1839 710 1878 in
741 1837 933 1879 Examine
966 1836 1264 1879 obseruationum
1306 1835 1537 1889 Fallopiaua-

233 1911 317 1941 rum
350 1897 520 1940 describit
539 1931 550 1950 ,
581 1900 775 1941 manifesto
807 1899 1103 1941 communicant.
1183 1892 1293 1955 Quae
1333 1899 1468 1939 cuuitas
1497 1907 1537 1939 et

233 1962 458 2003 communio
489 1962 544 2003 vti
578 1965 704 2018 negari
739 1964 865 2018 nequit
885 1996 895 2016 ‚
925 1964 976 2003 ita
1009 1962 1063 2019 illi
1092 1963 1350 2017 expurgatioui
1383 1962 1535 2019 obstat),

233 2027 335 2081 quod
368 2024 430 2066 illa
461 2026 598 2067 cauitas
627 2028 668 2070 in
701 2025 791 2083 ipfiis
823 2038 924 2067 nares
957 2037 1033 2065 non
1064 2035 1223 2080 pateat3
1269 2038 1387 2080 neque
1418 2026 1534 2066 etiam

823 2090 873 2132 M
905 2102 944 2131 m
983 2097 1006 2136 3
1446 2098 1535 2140 pro-
