<?xml version="1.0" encoding="UTF-8"?>
<!DOCTYPE html PUBLIC "-//W3C//DTD XHTML 1.0 Transitional//EN"
    "http://www.w3.org/TR/xhtml1/DTD/xhtml1-transitional.dtd">
<html xmlns="http://www.w3.org/1999/xhtml" xml:lang="en" lang="en">
 <head>
  <title>
</title>
<meta http-equiv="Content-Type" content="text/html;charset=utf-8" />
  <meta name='ocr-system' content='tesseract 3.04.00' />
  <meta name='ocr-capabilities' content='ocr_page ocr_carea ocr_par ocr_line ocrx_word'/>
</head>
<body>
  <div class='ocr_page' id='page_1' title='image "./commentariiacade14impe_0251.png"; bbox 0 0 2020 2668; ppageno 0'>
   <div class='ocr_carea' id='block_1_1' title="bbox 259 90 1512 150">
    <p class='ocr_par' dir='ltr' id='par_1_1' title="bbox 259 90 1512 150">
     <span class='ocr_line' id='line_1_1' title="bbox 259 90 1512 150; baseline -0.003 -11"><span class='ocrx_word' id='word_1_1' title='bbox 259 91 549 139; x_wconf 69' lang='lat' dir='ltr'><em>OBSERVAT</em></span> <span class='ocrx_word' id='word_1_2' title='bbox 582 90 839 140; x_wconf 77' lang='lat' dir='ltr'><em>METEOR.</em></span> <span class='ocrx_word' id='word_1_3' title='bbox 874 97 1075 139; x_wconf 78' lang='lat' dir='ltr'><strong><em>JNSTIT.</em></strong></span> <span class='ocrx_word' id='word_1_4' title='bbox 1128 95 1356 138; x_wconf 60' lang='lat' dir='ltr'><em>PETROP.</em></span> <span class='ocrx_word' id='word_1_5' title='bbox 1426 110 1512 150; x_wconf 78' lang='lat'><strong>243</strong></span> 
     </span>
    </p>
   </div>
   <div class='ocr_carea' id='block_1_2' title="bbox 324 204 1517 1640">
    <p class='ocr_par' dir='ltr' id='par_1_2' title="bbox 333 204 1516 325">
     <span class='ocr_line' id='line_1_2' title="bbox 333 204 1516 263; baseline -0.002 -12"><span class='ocrx_word' id='word_1_6' title='bbox 333 204 552 263; x_wconf 81' lang='lat' dir='ltr'><strong>septembr.</strong></span> <span class='ocrx_word' id='word_1_7' title='bbox 605 215 674 256; x_wconf 82' lang='lat'><strong>27.</strong></span> <span class='ocrx_word' id='word_1_8' title='bbox 711 207 796 249; x_wconf 84' lang='lat' dir='ltr'><strong>Lux</strong></span> <span class='ocrx_word' id='word_1_9' title='bbox 827 209 939 250; x_wconf 81' lang='lat' dir='ltr'><strong>borea</strong></span> <span class='ocrx_word' id='word_1_10' title='bbox 972 220 1108 262; x_wconf 82' lang='lat' dir='ltr'><strong>magna</strong></span> <span class='ocrx_word' id='word_1_11' title='bbox 1141 217 1181 248; x_wconf 89' lang='lat' dir='ltr'><strong>et</strong></span> <span class='ocrx_word' id='word_1_12' title='bbox 1213 205 1339 248; x_wconf 79' lang='lat' dir='ltr'><strong>diffiisa</strong></span> <span class='ocrx_word' id='word_1_13' title='bbox 1361 239 1372 259; x_wconf 88' lang='lat'>,</span> <span class='ocrx_word' id='word_1_14' title='bbox 1405 207 1516 250; x_wconf 87' lang='lat' dir='ltr'><strong>coelo</strong></span> 
     </span>
     <span class='ocr_line' id='line_1_3' title="bbox 735 269 1162 325; baseline 0 -15"><span class='ocrx_word' id='word_1_15' title='bbox 735 269 809 311; x_wconf 83' lang='lat' dir='ltr'><strong>fere</strong></span> <span class='ocrx_word' id='word_1_16' title='bbox 841 273 989 325; x_wconf 85' lang='lat' dir='ltr'><strong>integro</strong></span> <span class='ocrx_word' id='word_1_17' title='bbox 1021 271 1162 311; x_wconf 87' lang='lat' dir='ltr'><strong>sereno.</strong></span> 
     </span>
    </p>

    <p class='ocr_par' dir='ltr' id='par_1_3' title="bbox 330 332 1515 501">
     <span class='ocr_line' id='line_1_4' title="bbox 330 332 1514 388; baseline 0 -14"><span class='ocrx_word' id='word_1_18' title='bbox 330 332 504 376; x_wconf 83' lang='lat' dir='ltr'>Octobris</span> <span class='ocrx_word' id='word_1_19' title='bbox 598 343 665 383; x_wconf 76' lang='lat'><strong>15.</strong></span> <span class='ocrx_word' id='word_1_20' title='bbox 701 332 788 375; x_wconf 84' lang='lat' dir='ltr'><strong>Lux</strong></span> <span class='ocrx_word' id='word_1_21' title='bbox 838 335 954 375; x_wconf 80' lang='lat' dir='ltr'><strong>borea</strong></span> <span class='ocrx_word' id='word_1_22' title='bbox 1005 334 1158 375; x_wconf 83' lang='lat' dir='ltr'><strong>humilis</strong></span> <span class='ocrx_word' id='word_1_23' title='bbox 1207 342 1247 373; x_wconf 86' lang='lat' dir='ltr'><strong>et</strong></span> <span class='ocrx_word' id='word_1_24' title='bbox 1287 333 1479 388; x_wconf 85' lang='lat' dir='ltr'><strong>tranquilla</strong></span> <span class='ocrx_word' id='word_1_25' title='bbox 1500 365 1514 388; x_wconf 92' lang='lat'>,</span> 
     </span>
     <span class='ocr_line' id='line_1_5' title="bbox 733 393 1515 449; baseline 0.003 -12"><span class='ocrx_word' id='word_1_26' title='bbox 733 397 846 438; x_wconf 74' lang='lat' dir='ltr'><strong>flante</strong></span> <span class='ocrx_word' id='word_1_27' title='bbox 881 397 969 438; x_wconf 88' lang='lat' dir='ltr'><strong>forti</strong></span> <span class='ocrx_word' id='word_1_28' title='bbox 1003 393 1369 449; x_wconf 75' lang='lat' dir='ltr'><strong>Borea-Zephyro,</strong></span> <span class='ocrx_word' id='word_1_29' title='bbox 1403 397 1515 439; x_wconf 84' lang='lat' dir='ltr'><strong>coelo</strong></span> 
     </span>
     <span class='ocr_line' id='line_1_6' title="bbox 734 459 871 501; baseline 0.022 -2"><span class='ocrx_word' id='word_1_30' title='bbox 734 459 871 501; x_wconf 84' lang='lat' dir='ltr'><strong>sereno.</strong></span> 
     </span>
    </p>

    <p class='ocr_par' dir='ltr' id='par_1_4' title="bbox 609 521 1517 702">
     <span class='ocr_line' id='line_1_7' title="bbox 609 521 1515 576; baseline 0.003 -14"><span class='ocrx_word' id='word_1_31' title='bbox 609 526 677 564; x_wconf 91' lang='lat'><strong>16.</strong></span> <span class='ocrx_word' id='word_1_32' title='bbox 712 522 800 565; x_wconf 80' lang='lat' dir='ltr'><strong>Lux</strong></span> <span class='ocrx_word' id='word_1_33' title='bbox 830 524 939 564; x_wconf 78' lang='lat' dir='ltr'><strong>borea</strong></span> <span class='ocrx_word' id='word_1_34' title='bbox 974 523 1127 564; x_wconf 79' lang='lat' dir='ltr'><strong>humilis</strong></span> <span class='ocrx_word' id='word_1_35' title='bbox 1156 532 1196 564; x_wconf 91' lang='lat' dir='ltr'><strong>et</strong></span> <span class='ocrx_word' id='word_1_36' title='bbox 1229 521 1349 576; x_wconf 84' lang='lat' dir='ltr'><strong>quieta</strong></span> <span class='ocrx_word' id='word_1_37' title='bbox 1369 553 1382 574; x_wconf 85' lang='lat'>‚</span> <span class='ocrx_word' id='word_1_38' title='bbox 1402 523 1515 565; x_wconf 86' lang='lat' dir='ltr'><strong>flante</strong></span> 
     </span>
     <span class='ocr_line' id='line_1_8' title="bbox 732 585 1517 640; baseline 0.003 -14"><span class='ocrx_word' id='word_1_39' title='bbox 732 587 849 628; x_wconf 84' lang='lat' dir='ltr'><strong>adhuc</strong></span> <span class='ocrx_word' id='word_1_40' title='bbox 868 587 1109 628; x_wconf 80' lang='lat' dir='ltr'>mediocriter</span> <span class='ocrx_word' id='word_1_41' title='bbox 1127 585 1371 640; x_wconf 82' lang='lat' dir='ltr'>praecedente</span> <span class='ocrx_word' id='word_1_42' title='bbox 1387 597 1517 640; x_wconf 74' lang='lat' dir='ltr'><strong>vento,</strong></span> 
     </span>
     <span class='ocr_line' id='line_1_9' title="bbox 734 649 1211 702; baseline -0.002 -13"><span class='ocrx_word' id='word_1_43' title='bbox 734 651 772 689; x_wconf 91' lang='lat' dir='ltr'><strong>in</strong></span> <span class='ocrx_word' id='word_1_44' title='bbox 804 651 997 689; x_wconf 77' lang='lat' dir='ltr'>serenitate</span> <span class='ocrx_word' id='word_1_45' title='bbox 1033 649 1211 702; x_wconf 67' lang='lat' dir='ltr'><strong>per-festa.</strong></span> 
     </span>
    </p>

    <p class='ocr_par' dir='ltr' id='par_1_5' title="bbox 606 711 1513 826">
     <span class='ocr_line' id='line_1_10' title="bbox 606 711 1513 765; baseline 0.003 -16"><span class='ocrx_word' id='word_1_46' title='bbox 606 718 676 754; x_wconf 80' lang='lat'><strong>18.</strong></span> <span class='ocrx_word' id='word_1_47' title='bbox 710 711 797 752; x_wconf 83' lang='lat' dir='ltr'><strong>Lux</strong></span> <span class='ocrx_word' id='word_1_48' title='bbox 828 712 938 752; x_wconf 82' lang='lat' dir='ltr'><strong>borea</strong></span> <span class='ocrx_word' id='word_1_49' title='bbox 972 712 1077 751; x_wconf 82' lang='lat' dir='ltr'><strong>valde</strong></span> <span class='ocrx_word' id='word_1_50' title='bbox 1108 711 1260 753; x_wconf 86' lang='lat' dir='ltr'><strong>humilis</strong></span> <span class='ocrx_word' id='word_1_51' title='bbox 1280 745 1290 765; x_wconf 89' lang='lat'>,</span> <span class='ocrx_word' id='word_1_52' title='bbox 1322 712 1429 754; x_wconf 90' lang='lat' dir='ltr'><strong>coelo</strong></span> <span class='ocrx_word' id='word_1_53' title='bbox 1460 711 1513 752; x_wconf 79' lang='lat' dir='ltr'><strong>st:-</strong></span> 
     </span>
     <span class='ocr_line' id='line_1_11' title="bbox 731 774 1304 826; baseline 0.002 -12"><span class='ocrx_word' id='word_1_54' title='bbox 731 786 824 814; x_wconf 88' lang='lat' dir='ltr'><strong>reno</strong></span> <span class='ocrx_word' id='word_1_55' title='bbox 844 805 856 825; x_wconf 89' lang='lat'>,</span> <span class='ocrx_word' id='word_1_56' title='bbox 890 783 929 813; x_wconf 87' lang='lat' dir='ltr'><strong>et</strong></span> <span class='ocrx_word' id='word_1_57' title='bbox 960 777 1046 814; x_wconf 76' lang='lat' dir='ltr'><strong>ae&#39;re</strong></span> <span class='ocrx_word' id='word_1_58' title='bbox 1077 774 1304 826; x_wconf 82' lang='lat' dir='ltr'><strong>frigescente.</strong></span> 
     </span>
    </p>

    <p class='ocr_par' dir='ltr' id='par_1_6' title="bbox 324 835 1451 889">
     <span class='ocr_line' id='line_1_12' title="bbox 324 835 1451 889; baseline 0.001 -11"><span class='ocrx_word' id='word_1_59' title='bbox 324 836 558 878; x_wconf 85' lang='lat' dir='ltr'><strong>Nouembris</strong></span> <span class='ocrx_word' id='word_1_60' title='bbox 597 847 667 883; x_wconf 82' lang='lat'><strong>13·</strong></span> <span class='ocrx_word' id='word_1_61' title='bbox 703 835 865 889; x_wconf 83' lang='lat' dir='ltr'><strong>Vestigia</strong></span> <span class='ocrx_word' id='word_1_62' title='bbox 895 836 986 875; x_wconf 86' lang='lat' dir='ltr'><strong>lucis</strong></span> <span class='ocrx_word' id='word_1_63' title='bbox 1018 835 1154 875; x_wconf 84' lang='lat' dir='ltr'><strong>boreae</strong></span> <span class='ocrx_word' id='word_1_64' title='bbox 1191 836 1287 877; x_wconf 86' lang='lat' dir='ltr'><strong>iuter</strong></span> <span class='ocrx_word' id='word_1_65' title='bbox 1323 837 1451 880; x_wconf 81' lang='lat' dir='ltr'><strong>nubes,</strong></span> 
     </span>
    </p>

    <p class='ocr_par' dir='ltr' id='par_1_7' title="bbox 598 897 1512 1002">
     <span class='ocr_line' id='line_1_13' title="bbox 598 897 1512 951; baseline 0.005 -14"><span class='ocrx_word' id='word_1_66' title='bbox 598 912 615 937; x_wconf 91' lang='lat'>1</span> <span class='ocrx_word' id='word_1_67' title='bbox 630 909 669 947; x_wconf 80' lang='grc'><strong>5.</strong></span> <span class='ocrx_word' id='word_1_68' title='bbox 705 897 867 951; x_wconf 79' lang='lat' dir='ltr'><strong>Vestigia</strong></span> <span class='ocrx_word' id='word_1_69' title='bbox 899 898 988 938; x_wconf 80' lang='lat' dir='ltr'><strong>lucis</strong></span> <span class='ocrx_word' id='word_1_70' title='bbox 1020 897 1151 938; x_wconf 80' lang='lat' dir='ltr'><strong>boreae</strong></span> <span class='ocrx_word' id='word_1_71' title='bbox 1176 899 1274 940; x_wconf 84' lang='lat' dir='ltr'><strong>inter</strong></span> <span class='ocrx_word' id='word_1_72' title='bbox 1302 900 1421 941; x_wconf 88' lang='lat' dir='ltr'><strong>nubes</strong></span> <span class='ocrx_word' id='word_1_73' title='bbox 1439 898 1512 942; x_wconf 64' lang='lat' dir='ltr'><strong>ite-‘</strong></span> 
     </span>
     <span class='ocr_line' id='line_1_14' title="bbox 728 972 828 1002; baseline 0.03 -4"><span class='ocrx_word' id='word_1_74' title='bbox 728 972 828 1002; x_wconf 84' lang='lat' dir='ltr'><strong>rum.</strong></span> 
     </span>
    </p>

    <p class='ocr_par' dir='ltr' id='par_1_8' title="bbox 331 1020 1514 1191">
     <span class='ocr_line' id='line_1_15' title="bbox 331 1020 1514 1079; baseline 0.002 -14"><span class='ocrx_word' id='word_1_75' title='bbox 331 1022 556 1065; x_wconf 78' lang='lat' dir='ltr'><strong>Decembris</strong></span> <span class='ocrx_word' id='word_1_76' title='bbox 626 1032 666 1072; x_wconf 82' lang='lat'><strong>5.</strong></span> <span class='ocrx_word' id='word_1_77' title='bbox 700 1020 787 1064; x_wconf 85' lang='lat' dir='ltr'><strong>Lux</strong></span> <span class='ocrx_word' id='word_1_78' title='bbox 834 1023 948 1065; x_wconf 79' lang='lat' dir='ltr'><strong>borea</strong></span> <span class='ocrx_word' id='word_1_79' title='bbox 995 1024 1091 1064; x_wconf 86' lang='lat' dir='ltr'><strong>inter</strong></span> <span class='ocrx_word' id='word_1_80' title='bbox 1131 1024 1245 1066; x_wconf 88' lang='lat' dir='ltr'><strong>nubes</strong></span> <span class='ocrx_word' id='word_1_81' title='bbox 1285 1023 1514 1079; x_wconf 72' lang='lat' dir='ltr'><strong>manifesta,&#39;</strong></span> 
     </span>
     <span class='ocr_line' id='line_1_16' title="bbox 726 1086 1513 1142; baseline 0.004 -15"><span class='ocrx_word' id='word_1_82' title='bbox 726 1086 841 1127; x_wconf 83' lang='lat' dir='ltr'><strong>flante</strong></span> <span class='ocrx_word' id='word_1_83' title='bbox 891 1087 994 1127; x_wconf 85' lang='lat' dir='ltr'><strong>tenui</strong></span> <span class='ocrx_word' id='word_1_84' title='bbox 1031 1086 1154 1128; x_wconf 81' lang='lat' dir='ltr'><strong>Borea</strong></span> <span class='ocrx_word' id='word_1_85' title='bbox 1181 1119 1193 1140; x_wconf 88' lang='lat'>‚</span> <span class='ocrx_word' id='word_1_86' title='bbox 1242 1086 1382 1142; x_wconf 84' lang='lat' dir='ltr'><strong>frigore</strong></span> <span class='ocrx_word' id='word_1_87' title='bbox 1430 1101 1513 1130; x_wconf 85' lang='lat' dir='ltr'><strong>me-</strong></span> 
     </span>
     <span class='ocr_line' id='line_1_17' title="bbox 727 1150 861 1191; baseline -0.007 -1"><span class='ocrx_word' id='word_1_88' title='bbox 727 1150 861 1191; x_wconf 85' lang='lat' dir='ltr'><strong>diocri.</strong></span> 
     </span>
    </p>

    <p class='ocr_par' dir='ltr' id='par_1_9' title="bbox 604 1212 1515 1442">
     <span class='ocr_line' id='line_1_18' title="bbox 604 1212 1514 1267; baseline 0.007 -17"><span class='ocrx_word' id='word_1_89' title='bbox 604 1224 673 1264; x_wconf 85' lang='lat'><strong>13.</strong></span> <span class='ocrx_word' id='word_1_90' title='bbox 712 1212 799 1254; x_wconf 88' lang='lat' dir='ltr'><strong>Lux</strong></span> <span class='ocrx_word' id='word_1_91' title='bbox 840 1212 950 1253; x_wconf 80' lang='lat' dir='ltr'><strong>borea</strong></span> <span class='ocrx_word' id='word_1_92' title='bbox 985 1212 1177 1267; x_wconf 82' lang='lat' dir='ltr'><strong>tranquilla</strong></span> <span class='ocrx_word' id='word_1_93' title='bbox 1198 1245 1209 1265; x_wconf 91' lang='lat'>,</span> <span class='ocrx_word' id='word_1_94' title='bbox 1251 1213 1288 1254; x_wconf 88' lang='lat' dir='ltr'><strong>in</strong></span> <span class='ocrx_word' id='word_1_95' title='bbox 1320 1212 1514 1257; x_wconf 79' lang='lat' dir='ltr'><strong>serenitate</strong></span> 
     </span>
     <span class='ocr_line' id='line_1_19' title="bbox 731 1276 1510 1329; baseline 0.003 -14"><span class='ocrx_word' id='word_1_96' title='bbox 731 1276 923 1328; x_wconf 63' lang='lat' dir='ltr'><strong>pei-festa,</strong></span> <span class='ocrx_word' id='word_1_97' title='bbox 971 1286 1010 1316; x_wconf 90' lang='lat' dir='ltr'><strong>et</strong></span> <span class='ocrx_word' id='word_1_98' title='bbox 1051 1276 1183 1329; x_wconf 85' lang='lat' dir='ltr'><strong>frigore</strong></span> <span class='ocrx_word' id='word_1_99' title='bbox 1226 1276 1401 1327; x_wconf 86' lang='lat' dir='ltr'><strong>intenso,</strong></span> <span class='ocrx_word' id='word_1_100' title='bbox 1437 1290 1510 1318; x_wconf 86' lang='lat'><strong>12.</strong></span> 
     </span>
     <span class='ocr_line' id='line_1_20' title="bbox 731 1338 1515 1392; baseline 0.004 -14"><span class='ocrx_word' id='word_1_101' title='bbox 731 1339 912 1392; x_wconf 81' lang='lat' dir='ltr'><strong>graduum</strong></span> <span class='ocrx_word' id='word_1_102' title='bbox 962 1338 1051 1379; x_wconf 79' lang='lat' dir='ltr'><strong>infra</strong></span> <span class='ocrx_word' id='word_1_103' title='bbox 1100 1350 1126 1378; x_wconf 92' lang='lat'><em>0</em></span> <span class='ocrx_word' id='word_1_104' title='bbox 1166 1370 1177 1391; x_wconf 82' lang='grc'>,</span> <span class='ocrx_word' id='word_1_105' title='bbox 1244 1339 1515 1381; x_wconf 84' lang='lat' dir='ltr'><strong>thermometri</strong></span> 
     </span>
     <span class='ocr_line' id='line_1_21' title="bbox 729 1402 1028 1442; baseline -0.003 -1"><span class='ocrx_word' id='word_1_106' title='bbox 729 1402 1028 1442; x_wconf 70' lang='lat' dir='ltr'><strong>firhrenheitiani.</strong></span> 
     </span>
    </p>

    <p class='ocr_par' dir='ltr' id='par_1_10' title="bbox 602 1463 1513 1568">
     <span class='ocr_line' id='line_1_22' title="bbox 602 1463 1513 1519; baseline 0.003 -16"><span class='ocrx_word' id='word_1_107' title='bbox 602 1474 674 1512; x_wconf 87' lang='lat'><strong>23·</strong></span> <span class='ocrx_word' id='word_1_108' title='bbox 708 1464 872 1518; x_wconf 87' lang='lat' dir='ltr'><strong>Vestigia</strong></span> <span class='ocrx_word' id='word_1_109' title='bbox 913 1464 1003 1504; x_wconf 82' lang='lat' dir='ltr'><strong>lucis</strong></span> <span class='ocrx_word' id='word_1_110' title='bbox 1043 1463 1180 1505; x_wconf 84' lang='lat' dir='ltr'><strong>boreae</strong></span> <span class='ocrx_word' id='word_1_111' title='bbox 1213 1472 1340 1506; x_wconf 86' lang='lat' dir='ltr'><strong>ortum</strong></span> <span class='ocrx_word' id='word_1_112' title='bbox 1372 1464 1513 1519; x_wconf 76' lang='lat' dir='ltr'><strong>versus,</strong></span> 
     </span>
     <span class='ocr_line' id='line_1_23' title="bbox 728 1527 982 1568; baseline 0 -2"><span class='ocrx_word' id='word_1_113' title='bbox 728 1527 825 1568; x_wconf 89' lang='lat' dir='ltr'><strong>inter</strong></span> <span class='ocrx_word' id='word_1_114' title='bbox 856 1528 982 1568; x_wconf 87' lang='lat' dir='ltr'><strong>nubes.</strong></span> 
     </span>
    </p>

    <p class='ocr_par' dir='ltr' id='par_1_11' title="bbox 600 1589 1506 1640">
     <span class='ocr_line' id='line_1_24' title="bbox 600 1589 1506 1640; baseline 0.004 -11"><span class='ocrx_word' id='word_1_115' title='bbox 600 1602 672 1640; x_wconf 84' lang='lat'><strong>24.</strong></span> <span class='ocrx_word' id='word_1_116' title='bbox 708 1591 819 1632; x_wconf 77' lang='lat' dir='ltr'><strong>Radii</strong></span> <span class='ocrx_word' id='word_1_117' title='bbox 852 1600 977 1631; x_wconf 87' lang='lat' dir='ltr'><strong>tenues</strong></span> <span class='ocrx_word' id='word_1_118' title='bbox 1001 1589 1091 1630; x_wconf 80' lang='lat' dir='ltr'><strong>lucis</strong></span> <span class='ocrx_word' id='word_1_119' title='bbox 1115 1589 1248 1630; x_wconf 86' lang='lat' dir='ltr'><strong>boreae</strong></span> <span class='ocrx_word' id='word_1_120' title='bbox 1267 1591 1364 1632; x_wconf 87' lang='lat' dir='ltr'><strong>inter</strong></span> <span class='ocrx_word' id='word_1_121' title='bbox 1380 1591 1506 1633; x_wconf 83' lang='lat' dir='ltr'><strong>nubes.</strong></span> 
     </span>
    </p>
   </div>
   <div class='ocr_carea' id='block_1_3' title="bbox 206 1699 1511 2133">
    <p class='ocr_par' dir='ltr' id='par_1_12' title="bbox 206 1699 1511 2073">
     <span class='ocr_line' id='line_1_25' title="bbox 323 1699 1509 1755; baseline 0.002 -12"><span class='ocrx_word' id='word_1_122' title='bbox 323 1705 358 1752; x_wconf 86' lang='lat'><strong>§.</strong></span> <span class='ocrx_word' id='word_1_123' title='bbox 380 1717 422 1753; x_wconf 83' lang='lat'><strong>4.</strong></span> <span class='ocrx_word' id='word_1_124' title='bbox 465 1702 590 1743; x_wconf 86' lang='lat' dir='ltr'><strong>Prima</strong></span> <span class='ocrx_word' id='word_1_125' title='bbox 626 1701 841 1755; x_wconf 79' lang='lat' dir='ltr'><strong>congelatio</strong></span> <span class='ocrx_word' id='word_1_126' title='bbox 880 1699 978 1741; x_wconf 66' lang='lat' dir='ltr'><strong>fasta</strong></span> <span class='ocrx_word' id='word_1_127' title='bbox 1017 1701 1069 1741; x_wconf 88' lang='lat' dir='ltr'><strong>est</strong></span> <span class='ocrx_word' id='word_1_128' title='bbox 1100 1700 1174 1742; x_wconf 90' lang='lat' dir='ltr'><strong>hoc</strong></span> <span class='ocrx_word' id='word_1_129' title='bbox 1207 1715 1306 1743; x_wconf 85' lang='lat' dir='ltr'><strong>anno</strong></span> <span class='ocrx_word' id='word_1_130' title='bbox 1337 1703 1399 1744; x_wconf 91' lang='lat' dir='ltr'><strong>die</strong></span> <span class='ocrx_word' id='word_1_131' title='bbox 1436 1712 1509 1753; x_wconf 89' lang='lat'><strong>17.</strong></span> 
     </span>
     <span class='ocr_line' id='line_1_26' title="bbox 207 1764 1510 1820; baseline -0.003 -9"><span class='ocrx_word' id='word_1_132' title='bbox 207 1768 385 1811; x_wconf 68' lang='lat' dir='ltr'><strong>octobris</strong></span> <span class='ocrx_word' id='word_1_133' title='bbox 404 1799 415 1818; x_wconf 81' lang='lat'>,</span> <span class='ocrx_word' id='word_1_134' title='bbox 448 1778 563 1820; x_wconf 87' lang='lat' dir='ltr'><strong>eaque</strong></span> <span class='ocrx_word' id='word_1_135' title='bbox 593 1765 801 1805; x_wconf 70' lang='lat' dir='ltr'><strong>vniueriiilis</strong></span> <span class='ocrx_word' id='word_1_136' title='bbox 818 1796 828 1815; x_wconf 87' lang='lat'>‚</span> <span class='ocrx_word' id='word_1_137' title='bbox 862 1764 946 1818; x_wconf 92' lang='lat' dir='ltr'><strong>post</strong></span> <span class='ocrx_word' id='word_1_138' title='bbox 979 1764 1268 1816; x_wconf 79' lang='lat' dir='ltr'><strong>praecedentem</strong></span> <span class='ocrx_word' id='word_1_139' title='bbox 1300 1765 1420 1807; x_wconf 87' lang='lat' dir='ltr'><strong>lucem</strong></span> <span class='ocrx_word' id='word_1_140' title='bbox 1439 1767 1510 1807; x_wconf 90' lang='lat' dir='ltr'><strong>bo·</strong></span> 
     </span>
     <span class='ocr_line' id='line_1_27' title="bbox 206 1826 1511 1882; baseline -0.002 -10"><span class='ocrx_word' id='word_1_141' title='bbox 206 1844 310 1872; x_wconf 86' lang='lat' dir='ltr'><strong>ream</strong></span> <span class='ocrx_word' id='word_1_142' title='bbox 335 1863 345 1882; x_wconf 88' lang='lat'>‚</span> <span class='ocrx_word' id='word_1_143' title='bbox 379 1831 418 1869; x_wconf 88' lang='lat' dir='ltr'><strong>in</strong></span> <span class='ocrx_word' id='word_1_144' title='bbox 451 1829 640 1869; x_wconf 82' lang='lat' dir='ltr'><strong>serenitate</strong></span> <span class='ocrx_word' id='word_1_145' title='bbox 673 1827 849 1881; x_wconf 65' lang='lat' dir='ltr'><strong>perfecta.</strong></span> <span class='ocrx_word' id='word_1_146' title='bbox 918 1826 1136 1868; x_wconf 86' lang='lat' dir='ltr'><strong>Maximum</strong></span> <span class='ocrx_word' id='word_1_147' title='bbox 1168 1827 1277 1881; x_wconf 85' lang='lat' dir='ltr'><strong>frigus</strong></span> <span class='ocrx_word' id='word_1_148' title='bbox 1300 1827 1405 1869; x_wconf 89' lang='lat' dir='ltr'><strong>huius</strong></span> <span class='ocrx_word' id='word_1_149' title='bbox 1422 1830 1511 1871; x_wconf 82' lang='lat' dir='ltr'><strong>anni</strong></span> 
     </span>
     <span class='ocr_line' id='line_1_28' title="bbox 206 1889 1506 1944; baseline -0.002 -9"><span class='ocrx_word' id='word_1_150' title='bbox 206 1895 337 1935; x_wconf 86' lang='lat' dir='ltr'><strong>incidit</strong></span> <span class='ocrx_word' id='word_1_151' title='bbox 370 1895 409 1932; x_wconf 89' lang='lat' dir='ltr'><strong>in</strong></span> <span class='ocrx_word' id='word_1_152' title='bbox 443 1892 542 1931; x_wconf 86' lang='lat' dir='ltr'><strong>diem</strong></span> <span class='ocrx_word' id='word_1_153' title='bbox 582 1904 652 1942; x_wconf 84' lang='lat'><strong>14.</strong></span> <span class='ocrx_word' id='word_1_154' title='bbox 687 1889 939 1942; x_wconf 71' lang='lat' dir='ltr'><strong>Decembris,</strong></span> <span class='ocrx_word' id='word_1_155' title='bbox 974 1902 1078 1943; x_wconf 82' lang='lat' dir='ltr'><strong>quo,</strong></span> <span class='ocrx_word' id='word_1_156' title='bbox 1113 1891 1197 1944; x_wconf 88' lang='lat' dir='ltr'><strong>post</strong></span> <span class='ocrx_word' id='word_1_157' title='bbox 1229 1891 1426 1944; x_wconf 65' lang='lat' dir='ltr'><strong>perfectam</strong></span> <span class='ocrx_word' id='word_1_158' title='bbox 1454 1892 1506 1933; x_wconf 72' lang='lat' dir='ltr'><strong>se-</strong></span> 
     </span>
     <span class='ocr_line' id='line_1_29' title="bbox 207 1952 1506 2002; baseline -0.002 -4"><span class='ocrx_word' id='word_1_159' title='bbox 207 1958 402 1999; x_wconf 79' lang='lat' dir='ltr'><strong>renitatem</strong></span> <span class='ocrx_word' id='word_1_160' title='bbox 434 1966 547 1996; x_wconf 80' lang='lat' dir='ltr'><strong>mane</strong></span> <span class='ocrx_word' id='word_1_161' title='bbox 596 1954 690 1994; x_wconf 83' lang='lat' dir='ltr'><strong>hora</strong></span> <span class='ocrx_word' id='word_1_162' title='bbox 722 1963 765 2002; x_wconf 88' lang='lat'><strong>7.</strong></span> <span class='ocrx_word' id='word_1_163' title='bbox 806 1952 1123 1994; x_wconf 86' lang='lat' dir='ltr'><strong>thermometrum</strong></span> <span class='ocrx_word' id='word_1_164' title='bbox 1172 1953 1506 1996; x_wconf 76' lang='lat' dir='ltr'><strong>fiihrenheitianum</strong></span> 
     </span>
     <span class='ocr_line' id='line_1_30' title="bbox 209 2014 1504 2073; baseline -0.002 -13"><span class='ocrx_word' id='word_1_165' title='bbox 209 2018 392 2061; x_wconf 86' lang='lat' dir='ltr'><strong>descendit</strong></span> <span class='ocrx_word' id='word_1_166' title='bbox 423 2028 536 2073; x_wconf 81' lang='lat' dir='ltr'><strong>vsque</strong></span> <span class='ocrx_word' id='word_1_167' title='bbox 565 2017 612 2059; x_wconf 80' lang='lat' dir='ltr'><strong>ad</strong></span> <span class='ocrx_word' id='word_1_168' title='bbox 650 2026 702 2065; x_wconf 87' lang='lat'><strong>13</strong></span> <span class='ocrx_word' id='word_1_169' title='bbox 738 2015 869 2069; x_wconf 84' lang='lat' dir='ltr'><strong>gradus</strong></span> <span class='ocrx_word' id='word_1_170' title='bbox 899 2014 992 2057; x_wconf 84' lang='lat' dir='ltr'><strong>infra</strong></span> <span class='ocrx_word' id='word_1_171' title='bbox 1022 2027 1074 2071; x_wconf 81' lang='grc' dir='ltr'><strong>ο,</strong></span> <span class='ocrx_word' id='word_1_172' title='bbox 1104 2015 1213 2059; x_wconf 84' lang='lat' dir='ltr'><strong>flante</strong></span> <span class='ocrx_word' id='word_1_173' title='bbox 1245 2016 1333 2059; x_wconf 89' lang='lat' dir='ltr'><strong>sorti</strong></span> <span class='ocrx_word' id='word_1_174' title='bbox 1363 2015 1504 2058; x_wconf 83' lang='lat' dir='ltr'><strong>Borea.</strong></span> 
     </span>
    </p>

    <p class='ocr_par' dir='ltr' id='par_1_13' title="bbox 732 2078 1506 2133">
     <span class='ocr_line' id='line_1_31' title="bbox 732 2078 1506 2133; baseline 0.001 -12"><span class='ocrx_word' id='word_1_175' title='bbox 732 2078 771 2121; x_wconf 88' lang='lat' dir='ltr'>H</span> <span class='ocrx_word' id='word_1_176' title='bbox 796 2078 824 2121; x_wconf 88' lang='lat' dir='ltr'>h</span> <span class='ocrx_word' id='word_1_177' title='bbox 858 2090 884 2118; x_wconf 82' lang='lat'>2</span> <span class='ocrx_word' id='word_1_178' title='bbox 1378 2080 1506 2133; x_wconf 82' lang='lat' dir='ltr'><strong>Frigus</strong></span> 
     </span>
    </p>
   </div>
  </div>
 </body>
</html>
