2020 2668
516 105 596 154 ΕΤ
625 102 964 154 IVSTINIANI
998 102 1167 152 AVGG.
1408 118 1504 163 v3³9

200 220 296 263 viris
326 222 377 264 rei
409 222 578 276 publicae
628 220 900 263 constituendae
918 253 929 274 ,
978 219 1087 262 huius
1132 218 1260 260 moris
1290 216 1397 259 testes
1415 252 1427 271 ‚
1457 229 1504 260 vt

202 284 334 338 spero,
376 286 540 326 idoneos.
602 284 842 338 Inspiciamus
888 283 985 338 apud
1035 281 1191 323 FVLV.
1241 280 1505 324 VRSINVM

204 348 393 390 Antoniae
425 347 583 388 familiae
615 347 775 387 tabulam
811 345 880 385 VI.
913 346 1140 398 offerentque
1187 345 1222 386 se
1254 346 1361 386 nobis
1410 357 1505 386 num.

209 420 249 459 5.
285 410 466 463 Augustus
484 442 495 460 ,
527 419 564 449 et
597 422 690 450 num.
729 412 772 450 6.
812 407 1002 449 Antonius
1049 407 1207 448 barbati.
1291 405 1332 447 Si
1363 408 1505 462 quaeri-

205 484 290 512 mus
320 471 505 513 cauffam:
540 484 581 512 ea
614 471 764 525 quidem
796 470 984 512 manifesta
1016 470 1068 511 est
1103 470 1373 523 inspicientibus
1404 471 1506 525 prio·

206 546 289 575 rem
320 546 478 575 numum
498 566 510 586 ,
554 535 654 574 cuius
685 532 851 575 aduersae
898 533 994 587 parti
1026 530 1245 575 CAESAR
1277 532 1388 574 IMP.
1439 533 1506 575 ad-

206 597 398 649 scribitur,
428 595 545 637 auersa
580 606 707 636 autem
737 597 941 637 caduceum
975 595 1113 636 alatum
1152 596 1301 649 pingit,
1341 596 1400 637 cui
1428 596 1506 637 sub-

205 659 367 699 scribitur
399 658 689 700 ANTONIVS
722 658 831 699 ῙΜΡ.
868 657 953 699 Iam
987 670 1081 699 vero
1113 657 1238 698 nescio
1264 659 1360 699 aliud
1390 659 1506 700 inhi-

207 722 313 761 storia
346 732 491 775 tempus
521 722 686 761 inuenire
704 753 714 772 ,
748 722 808 761 cui
837 721 1049 762 conciliatae
1082 722 1175 760 inter
1214 721 1427 762 Antonium
1466 731 1506 763 et

208 784 416 836 Augustum
457 783 556 836 pacis
576 815 586 834 ,
637 784 823 836 luctusque
872 784 1090 824 communis
1138 792 1250 824 notae
1299 784 1477 837 quadrent
1494 816 1508 837 ,

208 856 353 899 praeter
382 846 468 886 illud
488 878 500 897 ,
533 858 608 898 quo
642 846 832 886 Antonius
862 847 1030 887 Fuluiam
1062 847 1266 898 coniugem
1296 846 1476 887 extulerat
1493 876 1507 899 ,

208 921 317 960 quam
349 907 492 948 socrum
526 909 713 960 quondam
746 908 928 960 Augustus
959 907 1162 948 habuerat:
1195 917 1239 948 vt
1269 908 1395 948 decori
1412 907 1509 948 ratio

208 970 305 1021 signa
337 969 455 1009 lucitus
486 970 630 1021 publica
663 971 709 1011 ab
740 971 821 1022 ipso
853 970 1061 1022 requireret.
1126 969 1241 1024 Quod
1275 979 1404 1010 autem
1437 969 1508 1010 sta-

207 1032 280 1072 tim
317 1032 362 1071 ab
393 1033 467 1071 eius
499 1030 647 1071 discessu
680 1044 756 1084 pax
803 1032 899 1071 inter
946 1033 1063 1071 ambo
1110 1031 1313 1084 coaluerit,
1361 1031 1509 1073 testibus

208 1092 391 1135 DIONE
423 1091 611 1134 CASSIO
655 1104 694 1134 et
735 1091 1068 1135 PLVTARCHO
1112 1095 1263 1135 constat.
1344 1092 1421 1134 Sed
1469 1102 1509 1135 et

207 1155 395 1209 Lepidum
428 1158 621 1197 barbatum
655 1157 780 1196 videas
812 1157 907 1209 apud
939 1157 1104 1197 eundem
1124 1155 1377 1198 VRSINVM
1395 1155 1506 1198 fiami-

210 1219 280 1258 liae
313 1219 502 1259 Aemiliae
530 1219 607 1259 tab.
643 1217 715 1259 111.
748 1231 842 1260 num.
881 1232 919 1259 2.
956 1229 994 1259 et
1026 1219 1159 1259 Vibiae
1176 1219 1252 1260 tab.
1280 1218 1314 1260 1.
1347 1232 1440 1261 num.
1465 1231 1506 1260 1.

208 1293 304 1334 quos
335 1294 466 1321 numos
497 1281 601 1321 docti
633 1281 706 1321 viri
739 1283 783 1322 ad
816 1282 1024 1322 Antonium
1060 1281 1159 1321 suam
1191 1282 1359 1323 Fuluiam
1378 1283 1508 1335 lugen-

212 1352 290 1383 tem
323 1353 360 1383 et
390 1344 630 1384 concordiam
668 1354 871 1397 reparatam
914 1344 1063 1397 pridem
1115 1352 1317 1385 traxerunt.
1399 1345 1508 1400 Quae

213 1418 304 1446 vero
336 1407 402 1446 alia
436 1406 657 1446 necessitudo
688 1408 785 1447 inter
814 1406 999 1460 Lepidum
1035 1418 1078 1446 ac
1112 1406 1327 1448 Antonium
1346 1439 1358 1459 ,
1399 1419 1509 1461 prae·

211 1477 267 1508 ter
294 1468 438 1520 collegii
471 1468 685 1509 societatem
704 1501 715 1521 ,
748 1469 854 1510 fuerit
872 1500 884 1522 ‚
915 1468 993 1509 iam
1025 1480 1102 1508 non
1141 1469 1310 1511 succurrit
1329 1501 1340 1522 ,
1389 1482 1512 1525 neque

213 1539 318 1570 vacat
349 1531 548 1584 requirere.

326 1593 439 1633 Aliud
473 1593 691 1646 exemplum
724 1593 879 1647 Augusti
911 1594 1107 1648 conspicue
1138 1595 1281 1636 barbati
1321 1594 1385 1636 dat
1433 1596 1510 1638 lau-

214 1654 315 1694 datus
346 1655 504 1706 auctor,
537 1656 635 1708 quod
668 1657 706 1696 in
724 1657 839 1697 Iuliae
859 1689 870 1708 ,
904 1657 1066 1698 familiae
1098 1658 1178 1700 tab.
1211 1658 1299 1700 VH.
1334 1657 1436 1699 sexto
1453 1659 1510 1699 lo·

213 1729 263 1756 co
308 1718 526 1770 conspicitur
545 1748 556 1766 ,
608 1719 793 1772 habetque
840 1720 1058 1772 adscriptam
1108 1721 1289 1773 temporis
1342 1730 1508 1763 notam:

215 1777 329 1820 COS.
349 1778 493 1823 ITER.
517 1780 592 1820 ET
613 1781 738 1822 TER.
760 1780 939 1824 DESIG.
958 1779 1199 1823 Conueniunt
1217 1782 1306 1823 haec
1325 1783 1362 1822 in
1380 1783 1434 1825 A.
1454 1783 1509 1825 V.

214 1840 426 1883 DCCXX.
480 1843 540 1883 cui
589 1844 627 1882 in
678 1843 771 1883 fastis
816 1843 1051 1886 adscribitur:
1083 1843 1202 1886 SEX.
1240 1843 1508 1887 POMPEIVS

216 1903 399 1946 MAGN.
437 1905 478 1944 F.
513 1902 604 1944 CN.
640 1905 695 1946 N.
731 1902 969 1946 MAGNVS
1003 1906 1067 1949 IN
1084 1905 1263 1961 INSEQ.
1291 1908 1509 1951 ANNVM

217 1963 437 2008 DeSIGN.
492 1967 645 2009 ERAT
697 1968 1019 2025 ANTEQVAM
1068 1969 1265 2012 INIRET
1315 1969 1509 2014 HOSTIS

218 2027 513 2074 lvDICATVS
551 2028 774 2076 OCCISVS
825 2031 874 2075 E.
925 2032 990 2074 IN
1038 2030 1162 2076 EIVS
1211 2031 1408 2076 LOCVM
1462 2035 1507 2075 F.

1404 2095 1509 2144 EST
