2020 2668
698 83 917 134 NVMVS
1381 102 1465 142 :37¹

170 202 360 259 pictorum
392 211 430 244 et
460 199 688 256 sculptorum
720 200 1027 244 accuratislimam
1066 197 1336 256 diligentiam?
1367 201 1419 244 Et
1449 201 1477 245 fi

171 268 266 307 nihil
297 267 347 308 illi
380 264 616 307 defecerunt:
651 274 745 319 puto
779 265 815 304 in
846 265 1014 318 gentium
1040 276 1082 305 ac
1101 277 1305 318 regnorum
1324 263 1477 318 infigni-

173 330 241 370 bus
272 330 406 384 aliquid
447 329 684 369 tribuendum
734 327 805 368 effe
835 327 1069 382 antiquitati3
1119 340 1232 381 quam
1282 327 1474 381 sequuntur

172 393 393 446 posteriores
412 424 424 442 ,
463 393 577 432 etiam
616 390 682 431 vbi
715 390 844 430 vident
892 391 1030 444 priores
1076 390 1231 444 potuisse
1275 391 1479 433 accuratius

170 455 341 509 pingere.
404 455 468 496 Sic
502 455 576 495 lilia
608 453 773 494 Francici
804 454 908 506 regni
939 455 1018 507 quis
1047 446 1138 494 aur‘it
1168 466 1265 494 nunc
1296 455 1341 494 ad
1369 454 1477 496 bota-

168 519 270 558 nicas
299 517 394 571 leges
440 514 679 558 reformare?
729 515 809 570 quis
839 516 981 558 infinita
1013 516 1082 558 alia
1113 518 1150 557 in
1180 529 1222 558 re
1253 515 1477 562 heraldic23

167 579 319 621 Scilicet
347 581 415 621 alia
445 581 498 621 est
530 580 591 620 lex
622 580 661 619 in
693 578 809 620 horto
839 588 878 620 et
908 581 1006 633 agris
1033 579 1268 622 nascentium
1286 580 1442 635 „florum
1461 613 1476 635 ‚

167 644 235 684 alia
264 642 520 696 inscriptorum
553 642 766 683 nominibus
796 654 943 695 regum.

285 707 433 762 Quanta
466 706 509 747 fit
540 716 639 747 aetas
667 705 775 746 huius
805 706 946 758 numi,
978 706 1159 760 quoniam
1194 705 1354 748 indubiis
1393 707 1475 750 nul-

184 769 216 809 is
248 769 357 822 signis
385 767 642 823 cognoscitur,
676 768 925 809 coniectando
956 781 1079 809 eruere
1110 770 1180 810 vix
1197 771 1391 825 quisquam
1411 783 1474 813 au<

168 833 272 872 debit
302 843 364 872 aut
397 832 546 873 valebit.
613 830 706 873 Illud
739 830 839 872 mihi
871 831 951 872 fiitis
980 842 1122 873 certum
1142 833 1316 886 videtur,
1347 834 1473 876 cusum

167 907 255 934 eum
287 896 356 935 effe
389 895 598 935 felicissimis
630 895 862 948 temporibus
894 894 993 934 vrbis
1040 895 1209 936 libertate
1247 896 1304 936 sua
1352 897 1475 938 adhuc

165 958 369 1010 gaudentis.
435 957 541 998 Nam
574 958 767 1010 postquam
802 956 916 996 semel
949 968 1106 1009 magnae
1143 955 1328 999 Graeciae
1365 960 1476 999 vrbes

166 1021 349 1062 Romanis
380 1020 557 1061 subiectae
591 1019 734 1060 fuerunt
753 1052 763 1070 ‚
796 1019 863 1059 suis
893 1020 951 1059 vti
984 1021 1107 1060 numis
1148 1020 1342 1062 desierunt.
1391 1022 1475 1077 lpse

166 1092 279 1136 typus
317 1083 577 1137 elegantiffima
626 1092 703 1124 arte
735 1082 943 1123 elaboratus
973 1083 1023 1123 de
1055 1083 1152 1124 vrbis
1199 1084 1371 1125 felicitate
1391 1117 1402 1138 ‚
1435 1094 1476 1126 et

166 1146 353 1187 adiectum
391 1148 576 1200 integrum
627 1157 772 1186 nomen
805 1146 852 1185 de
884 1144 1056 1186 libertate
1105 1146 1365 1188 testimonium
1414 1149 1474 1190 di-

167 1220 267 1250 cunt.
333 1209 543 1251 Neminem
576 1220 639 1248 me
670 1207 979 1262 reprehensorum
1019 1209 1226 1261 existimo,
1245 1211 1271 1251 si
1303 1212 1440 1252 dixero
1459 1244 1474 1265 ,

165 1282 329 1313 aetatem
348 1273 405 1312 bis
436 1272 541 1312 mille
573 1283 757 1312 annorum
792 1271 895 1324 poffe
927 1285 1016 1312 eum
1035 1271 1204 1313 sustinere
1223 1306 1235 1327 ,
1258 1274 1385 1315 immo
1401 1275 1474 1316 uli-

167 1346 344 1389 quantum
379 1335 563 1376 maiorem
595 1334 748 1387 potius,
779 1346 891 1388 quam
927 1336 1132 1375 minorem.

280 1399 370 1454 Quo
401 1398 514 1451 padio
544 1397 581 1437 in
615 1396 815 1437 Poruffiam
849 1397 981 1437 deferri
1012 1399 1175 1450 potuerit
1193 1427 1204 1448 ,
1224 1411 1303 1441 non
1338 1400 1470 1442 mino-

165 1461 198 1500 ri
233 1462 402 1502 indussria
422 1494 432 1513 ‚
451 1473 562 1515 quam
581 1460 775 1500 doctrinae
793 1470 972 1512 apparatu
994 1492 1004 1511 ‚
1021 1461 1177 1514 disputat
1195 1460 1277 1503 CL.
1298 1462 1471 1506 BAYE-

166 1523 281 1565 RVS.
349 1523 538 1578 Equidem
574 1523 623 1563 ita
655 1536 742 1563 cum
778 1523 1006 1574 iucunditate
1039 1524 1102 1565 illa
1134 1537 1198 1565 me
1229 1526 1353 1578 legisse
1378 1538 1471 1580 pro-

166 1586 303 1638 fiteor,
336 1598 381 1627 vt
414 1587 626 1640 optauerim
661 1586 766 1639 posse
813 1587 917 1626 reddi
963 1596 1072 1626 certa.
1157 1587 1225 1629 Illa
1258 1588 1341 1629 fime
1373 1602 1469 1629 con-

165 1650 301 1690 iec‘tura
332 1651 378 1690 de
418 1650 613 1690 succinaria
663 1649 922 1702 negotiatione
969 1649 1128 1690 fabulam
1179 1651 1469 1705 antiquissimam

165 1713 211 1752 de
243 1713 445 1754 Phaetonte
477 1724 515 1754 et
546 1715 670 1754 sorore
702 1715 779 1753 eius
810 1713 1039 1764 Elestryoue
1072 1714 1118 1755 ad
1152 1713 1343 1754 historiam
1387 1715 1470 1757 {iltis

163 1776 402 1828 probabiliter
432 1787 592 1817 reuocat.
646 1775 870 1816 ¹Enimuero
898 1776 1068 1829 quicquid
1102 1777 1271 1830 praesidii
1289 1777 1379 1818 haec
1398 1791 1469 1827 ex,-

163 1838 316 1891 plicatio
346 1839 480 1879 habere
511 1841 621 1880 debet
652 1839 699 1878 ab
731 1850 778 1878 eo
796 1870 805 1888 ,
839 1839 938 1891 quod
972 1851 1104 1879 numus
1136 1839 1308 1882 Rhodius
1337 1842 1375 1882 in
1394 1842 1469 1883 Po-

165 1902 266 1942 ruffia
299 1904 466 1942 inuentus
498 1903 570 1955 fit3
606 1903 640 1942 id
673 1913 769 1941 nunc
801 1902 908 1942 valde
944 1901 1121 1954 vacillat,
1170 1904 1366 1957 postquam
1399 1917 1469 1960 ap-

164 1975 268 2018 paret
302 1978 459 2006 numum
493 1977 570 2006 non
605 1965 675 2005 esse
707 1964 900 2006 Rhodium
922 1995 933 2015 ,
967 1965 1026 2006 sed
1062 1964 1368 2018 Neapolitarum.

280 2028 392 2069 Adeo
424 2029 532 2082 igitur
564 2029 790 2070 mutabimus
821 2029 931 2069 vrbes
950 2060 961 2080 ,
1012 2037 1118 2081 atque
1167 2029 1465 2084 Neapoleosin-

164 2090 262 2133 colas
292 2092 470 2145 nauigaffe
502 2092 565 2132 vel
598 2092 752 2148 pedestri
789 2091 921 2131 itinere
953 2091 1025 2133 huc
1058 2092 1248 2146 profectos
1284 2094 1465 2134 dicemus.

720 2155 761 2196 A
793 2167 815 2196 a
846 2167 867 2196 a
902 2166 927 2193 2
1348 2156 1464 2211 Equi-
