2020 2668
416 82 498 124 DE
529 81 585 124 TI
585 75 744 125 NCTV
742 77 823 122 RIS
852 81 905 124 M
909 77 1205 124 ETALLORV
1205 81 1259 122 M
1265 113 1275 124 .
1424 96 1447 122 2
1457 90 1477 126 8
1485 97 1511 133 9

217 193 296 234 lore
329 193 425 248 quasi
458 193 569 247 tingit
588 226 599 246 ,
632 205 744 247 quare
774 204 851 233 non
892 193 1094 247 incongrue
1133 192 1313 233 tindturae
1360 194 1517 234 nomine

217 256 362 296 {alutari
397 257 529 310 potest.

333 314 369 361 5.
395 331 465 358 ιο.
501 318 656 360 Nitrum
678 318 847 371 quamuis
868 317 911 357 ad
949 317 1237 359 candescentiam
1257 331 1370 372 vsque
1390 320 1428 359 in
1449 332 1518 374 pu—

218 391 264 420 ro
296 381 484 422 crucibulo
514 382 599 434 igne
631 391 806 433 vrgetur‚
838 379 1037 420 flammam
1072 391 1197 421 tamen
1231 382 1391 421 minime
1423 395 1515 421 con-

216 443 311 494 cipit
332 475 342 494 ,
372 444 438 484 nisi
468 456 600 496 corpus
632 442 894 482 inflammabili
940 444 1097 482 materia
1128 444 1339 497 praeditum
1375 445 1427 484 illi
1460 446 1517 484 in·

219 513 393 557 geratur:
435 513 513 545 tum
558 507 659 545 euim
693 505 835 558 pernici
868 504 1031 554 flamma·
1057 506 1250 546 detornare
1282 506 1382 546 solet.
1425 506 1516 547 Me-

217 567 300 606 talla
330 568 503 622 ignobilia
537 569 574 608 in
609 567 756 607 scobem
790 567 958 618 limata,
999 580 1087 608 cum
1115 569 1220 609 dieto
1254 568 1324 609 sale
1359 570 1397 609 in
1424 570 1509 622 igne

217 630 331 670 etiam
366 631 572 670 fulminant.
640 629 753 669 Vnde
785 630 891 670 facile
924 640 1107 683 apparet,
1141 631 1301 671 metallis
1343 632 1514 684 ignobili-

216 691 282 731 bus
315 693 622 734 inflammabilem
671 692 854 745 quandam
908 695 1102 733 materiam
1125 694 1254 733 iness'e.
1319 694 1511 750 Quoniam

220 764 343 794 autem
377 768 419 794 ea
452 767 520 808 per
551 757 596 795 de
631 756 864 795 tonationem
898 755 1040 795 excussa
1058 788 1067 806 ‚
1087 756 1266 808 reliquum
1299 757 1442 797 metalli
1475 759 1512 797 in

215 819 369 856 massam
390 817 645 858 vitrescentem
676 817 862 868 redigitur.
929 817 1127 857 Manifesto
1157 818 1267 869 igitur
1302 829 1405 871 patet
1435 819 1508 858 tin-

214 878 358 918 cturam
393 879 630 921 metallorum
672 879 892 931 ignobilium
930 891 979 918 ex
1011 880 1269 920 inflammabili
1302 881 1508 931 substantia,

215 953 306 992 quac
324 941 409 979 alias
427 943 520 994 apud
532 940 741 992 Chymicos
749 941 964 993 Phlogiston
983 943 1102 993 audit,
1123 943 1315 995 praecipue
1334 943 1508 982 constare.

327 1003 359 1050 §.
385 1015 451 1042 11.
487 1004 622 1043 Afferti
654 1004 850 1042 veritatem
884 1003 1030 1042 adstruit
1071 1005 1146 1055 ipsa
1181 1004 1419 1045 metallorum
1452 1018 1510 1045 re·

212 1065 370 1116 duc’tiO,
400 1079 470 1119 qua
501 1068 606 1106 vitris
645 1077 682 1106 ct
712 1065 871 1105 calcibus
910 1066 1103 1105 metallicis
1140 1066 1258 1119 fulgor
1291 1077 1330 1110 et
1361 1068 1507 1108 ductili-

212 1135 266 1166 tas
298 1127 544 1168 restaurantur.
611 1128 763 1168 Etenim
795 1128 841 1166 ad
874 1126 1024 1168 metalla
1055 1129 1262 1169 reducenda
1295 1121 1509 1183 phlogiston

212 1189 410 1229 neceffirio
446 1190 653 1243 requiritur.
723 1190 838 1230 Fluor
875 1191 978 1241 niger
1017 1190 1063 1230 fic
1103 1191 1221 1231 dic'tus
1254 1192 1316 1244 qui
1356 1193 1400 1232 ad
1434 1192 1509 1233 hoc

212 1264 305 1304 opus
336 1253 500 1292 adhiberi
534 1253 667 1304 saepius
698 1252 817 1303 solet,
867 1253 919 1291 nil
968 1253 1060 1292 aliud
1113 1254 1193 1304 est,
1243 1267 1354 1307 quam
1395 1256 1507 1294 carbo

214 1317 336 1354 tartari
369 1328 455 1355 cum
491 1317 590 1354 nitro
625 1315 801 1354 detonari.
870 1314 1017 1354 Vitrum
1052 1315 1193 1368 plumbi
1225 1329 1309 1356 cum
1338 1318 1507 1370 carboni7

214 1377 278 1416 bus
311 1378 494 1430 lignorum
530 1377 777 1430 puluerifiitis,
813 1376 980 1416 stannum
1008 1379 1225 1417 calcinarum
1245 1391 1330 1419 cum
1349 1380 1508 1419 carbone

216 1430 284 1478 sebi
327 1440 397 1479 vsti
418 1472 429 1491 ‚
491 1453 578 1480 cum
620 1439 788 1491 sulphure
818 1451 910 1478 vero
942 1439 1077 1480 tostum
1111 1440 1252 1481 adiecta
1285 1441 1399 1482 herba
1433 1441 1506 1482 Ni·

218 1502 364 1542 cotiana
385 1535 395 1553 ,
428 1504 466 1542 in
501 1504 586 1555 igne
618 1502 841 1545 metallicam
897 1501 1057 1543 formam
1106 1514 1334 1557 recuperant.
1404 1505 1505 1546 Om-

214 1565 273 1603 nia
325 1575 447 1605 autem
469 1565 558 1604 haec
578 1577 734 1619 corpora
763 1565 1019 1604 inflammabili
1042 1567 1190 1605 materia
1220 1566 1343 1606 referta
1378 1568 1470 1607 sunt.

327 1629 360 1675 ξ.
391 1640 457 1665 12.
495 1627 578 1667 Nec
612 1629 703 1667 aliae
734 1640 878 1680 quoque
911 1630 1147 1679 operationes
1180 1626 1385 1679 Cliymicac
1404 1631 1504 1670 idem

214 1701 290 1728 non
324 1691 496 1742 probant.
560 1689 750 1743 Siquidem
784 1689 962 1742 spiritibus
995 1692 1102 1730 acidis
1134 1692 1326 1731 metallum
1361 1693 1505 1746 aliquod

210 1752 373 1804 ignobile
413 1753 618 1805 praesertim
664 1756 801 1792 ferrum
846 1751 1094 1804 ioluentibus‚
1139 1765 1188 1792 ex
1228 1753 1374 1793 orificio
1417 1756 1502 1795 vitri

211 1825 330 1866 vapor
363 1816 577 1867 prorumpit
608 1814 912 1863 inflammabilis,
955 1816 1017 1867 qui
1057 1816 1109 1856 nil
1142 1816 1236 1856 aliud
1278 1816 1359 1867 est,
1392 1825 1503 1870 quam

211 1877 423 1930 phlogiston
444 1910 453 1927 ,
501 1877 669 1917 frictione
701 1877 880 1917 Menstrui
920 1878 963 1917 ad
1005 1879 1148 1918 metalli
1179 1879 1379 1919 moleculas
1412 1879 1505 1920 fixit-a

210 1936 304 1994 (³²²)
358 1938 596 1992 absumtum,
646 1949 683 1979 et
735 1953 838 1979 cum·
871 1941 1093 1981 tenuioribus
1142 1940 1285 1995 spiritus
1338 1943 1501 1995 partibus

270 2003 370 2042 Tom.
405 2003 535 2043 XIV.
766 2032 767 2035 η
847 2002 885 2042 Ο
920 2015 946 2041 o
1373 2017 1499 2044 crum-

289 2087 323 2124 (')
348 2089 495 2120 Dissertatio
511 2091 597 2120 nostra
611 2091 644 2118 de
659 2092 762 2121 afflone
777 2091 976 2121 Menai-uorum
991 2088 1018 2130 §.
1035 2101 1082 2128 ¹4·
1096 2099 1121 2121 et
1134 2102 1185 2130 3¹.
1197 2092 1273 2122 Nou.
1289 2091 1397 2122 comm.
1411 2090 1447 2119 T.
1461 2093 1482 2120 i.
