2020 2668
516 108 604 154 ²38
668 100 750 143 DE
767 95 895 145 CAL.
917 98 993 142 AC
1008 96 1157 141 FRIG.
1179 95 1390 143 EXPER.
1413 96 1601 142 VARIA
1620 98 1827 142 FACTA.

634 214 766 262 §.19.
821 212 974 266 Legitur
1016 212 1053 252 in
1098 212 1370 265 experimentis
1419 211 1632 252 academiae
1673 210 1735 252 del
1762 208 1833 252 Ci-

517 283 634 319 mento
665 289 750 330 pag.
778 285 865 325 179
886 307 897 327 ,
936 274 1143 315 obseruatio
1187 275 1296 315 valde
1339 274 1629 324 memorabilis,
1680 273 1832 314 frustum

518 340 656 381 scilicet
689 339 820 390 glaciei
843 365 855 387 ,
892 338 1036 392 pondus
1070 349 1172 386 500.
1196 338 1281 379 libr.
1303 349 1458 387 tenens,
1499 337 1716 390 oppositum
1753 336 1833 390 spe-

518 403 605 443 culo
634 414 729 442 cauo
747 433 758 453 ‚
791 400 1030 456 repercull'isie
1064 400 1173 455 frigus
1214 402 1260 442 ad
1311 401 1645 441 thermomeiriim.
1713 397 1834 452 Cupi-

517 466 587 506 dus
616 464 827 505 admodum
868 464 1055 518 speistaudi
1098 464 1171 504 hoc
1214 464 1522 518 phaenomenum
1542 495 1554 515 ,
1594 462 1718 503 curaui
1760 463 1836 503 duo

519 527 627 568 frusta
661 527 829 581 glacialia
849 559 859 578 ‚
894 528 981 568 dura
1001 558 1013 578 ,
1055 536 1093 566 et
1127 527 1235 567 valde
1267 527 1450 580 pellucida
1470 559 1481 578 ,
1522 526 1573 566 ita
1612 526 1759 577 locari,
1791 534 1835 565 vt

521 592 700 645 parietem
736 589 835 643 quasi
867 589 1071 630 formarent
1112 590 1227 630 altum
1263 604 1303 640 4.
1339 590 1449 643 pedes
1496 589 1598 630 lond.
1645 589 1747 642 long.
1787 600 1836 641 5,

522 665 559 694 et
590 655 744 694 crassum
782 665 831 704 2,
866 651 1098 706 superficiem
1134 653 1256 706 itaque
1289 654 1451 692 tenentia
1482 652 1590 693 simul
1612 652 1837 704 20.pedum

523 717 790 771 quadratorum
821 748 831 767 ,
866 726 903 756 et
937 715 1159 756 soliditatem
1194 727 1269 766 40.
1301 717 1441 769 pedum
1483 715 1702 756 cubicorum
1724 747 1735 767 ,
1775 716 1838 769 qui

522 781 670 835 pondus
701 780 871 833 adeoque
903 779 1051 832 glaciale
1084 779 1280 819 effecerunt
1315 785 1449 821 2280.
1470 779 1649 820 libiarum
1670 810 1680 830 ,
1715 778 1840 832 positis

524 843 757 884 densitatibus
790 853 908 896 aquae
943 853 982 882 et
1014 841 1145 895 glaciei
1180 852 1224 882 vt
1261 855 1302 891 9.
1323 843 1368 882 ad
1393 849 1441 894 8,
1474 852 1512 882 et
1543 842 1708 895 pondere
1735 841 1839 895 pedis

523 907 645 947 cubici
695 917 809 958 aquae
860 907 931 954 64.
972 904 1052 944 libr.
1116 905 1240 944 Habui
1276 906 1387 958 igitur
1419 906 1572 945 massam
1610 905 1739 957 glaciei
1768 917 1839 956 pu-

526 969 686 1010 riss'imae
719 970 903 1008 maiorem
937 979 1050 1021 quam
1084 968 1325 1021 quadruplam
1375 969 1496 1018 illius,
1549 979 1662 1020 quam
1703 967 1836 1007 habue—

526 1041 614 1073 runt
647 1030 864 1072 Academici
904 1030 1130 1083 florentium
1165 1032 1221 1070 cui
1254 1031 1411 1083 opposui
1430 1029 1616 1083 speculum
1637 1030 1836 1070 causticum

529 1094 760 1135 metallicum
780 1125 791 1143 ,
835 1094 872 1132 iii
904 1105 980 1145 quo
1013 1093 1267 1146 amplitudinis
1306 1094 1490 1133 diameter
1523 1092 1573 1132 est
1611 1098 1664 1142 22
1699 1093 1837 1146 pedum

528 1157 632 1197 lond.
711 1155 754 1195 In
806 1154 933 1194 focum
975 1155 1080 1195 huius
1121 1154 1252 1207 speculi
1285 1155 1462 1195 collocaui
1504 1155 1643 1195 bullam
1678 1154 1839 1208 superio-

527 1231 609 1259 rem
661 1217 926 1258 tliermometri
973 1217 1196 1258 drebbeliani
1214 1250 1225 1269 ,
1275 1219 1373 1271 quod
1436 1230 1548 1271 genus
1599 1217 1838 1258 tliermome-

529 1292 676 1322 trorum
711 1282 748 1320 in
783 1281 838 1321 liis
870 1290 908 1320 et
941 1280 1118 1321 similibus
1148 1281 1283 1322 casibus
1317 1282 1485 1321 maxime
1529 1281 1561 1320 ii:
1592 1281 1840 1321 commendat

529 1345 581 1385 ob
616 1344 795 1397 insignem
837 1354 874 1383 ct
915 1343 1060 1384 summe
1099 1343 1372 1397 conspicuam,
1420 1356 1469 1384 cx
1510 1345 1674 1385 minimo
1707 1343 1840 1397 frigore

530 1407 590 1447 vel
621 1407 776 1458 calore,
827 1406 1099 1447 mobilitatem.
1176 1407 1246 1448 His
1294 1409 1343 1447 ita
1385 1409 1610 1461 praeparatis
1651 1408 1839 1461 integrum

532 1470 724 1523 speculum
757 1470 898 1509 obduxi
934 1470 1156 1510 velamento
1190 1472 1328 1522 laneo,
1378 1482 1488 1523 atque
1536 1471 1682 1511 tamdiu
1721 1483 1841 1523 expe-

533 1534 658 1583 Ctaiii,
709 1534 832 1572 donec
885 1532 1211 1573 tlicrmomctrum
1266 1535 1302 1573 iu
1345 1534 1518 1587 perscc'to
1567 1534 1656 1573 statu
1708 1535 1842 1587 quietis

535 1597 656 1648 esset3
693 1610 768 1649 quo
802 1596 963 1634 obtento
1006 1597 1163 1637 reuelaui
1207 1596 1326 1637 subito
1367 1596 1556 1650 speculizin
1578 1629 1588 1646 ,
1629 1607 1667 1636 et
1703 1596 1841 1635 solicite

531 1659 672 1700 attendi
711 1659 754 1699 ad
809 1659 1062 1699 mutationem
1107 1660 1414 1712 tlicrmometri,
1458 1660 1517 1699 sed
1550 1672 1597 1698 ne
1633 1661 1840 1699 minimam

530 1723 689 1776 quidem
731 1734 901 1774 vuquam
943 1723 1164 1773 obseruata,
1217 1724 1362 1764 etiamsi
1414 1724 1451 1762 in
1490 1723 1601 1763 variis
1642 1723 1778 1776 speculi
1821 1735 1841 1762 a

532 1786 648 1839 glacie
690 1785 865 1825 distantiis
913 1787 1098 1839 variisque
1148 1787 1240 1827 aeris
1289 1787 1470 1827 caloribus
1527 1787 1841 1838 experimentum

533 1850 741 1901 repetitum
776 1848 916 1902 ssierit3
953 1851 1076 1902 prima
1110 1850 1267 1902 quidem
1302 1852 1384 1890 vice
1419 1851 1548 1890 mense
1582 1849 1722 1889 Martio
1754 1849 1842 1887 anui

537 1923 651 1961 ¹740
675 1943 684 1961 ,
719 1911 1017 1963 adspetstautibus
1052 1913 1086 1952 id
1123 1911 1255 1953 Illustri
1292 1912 1704 1962 1012.Albe›·101<01J1·0‚
1741 1911 1838 1950 Aca-

530 1975 685 2014 demiae
722 1984 803 2013 tum
839 1976 1030 2027 temporis
1064 1976 1260 2026 Praeside,
1295 1986 1332 2015 ct
1366 1975 1685 2015 Academicorum
1734 1985 1839 2026 piae-

531 2046 635 2077 terea
688 2038 826 2078 multis.
914 2037 1017 2078 Cum
1077 2051 1176 2079 vcro
1224 2037 1363 2079 Clariffi
1431 2037 1615 2079 l'roscssbr
1672 2038 1841 2080 Heinius

1730 2102 1836 2142 idem
