2020 2668
483 116 502 144 x
514 107 538 147 8
546 114 568 143 2
982 96 1098 150 ”2233
1107 91 1167 153 )0(
1176 94 1291 175 ἓὲέῇ·

1092 228 1182 272 DE

484 324 736 387 MOTV
782 322 1233 386 CORPORVM
1275 317 1794 383 FLEXIBILWM.

485 480 852 619 Argumentum
873 550 884 570 ,
923 518 1024 572 quod
1070 515 1131 558 hic
1166 516 1467 572 pertractandum
1508 514 1680 571 suscipio,
1714 514 1802 558 infi-

641 593 758 634 gnem
794 582 1035 622 mechanicae
1070 590 1214 634 panen.
1249 580 1468 632 constituit,
1500 593 1588 621 cum
1606 581 1710 621 enim
1731 580 1802 621 hac

484 645 630 686 scientia
661 644 885 685 cunctorum
920 656 1124 698 corporum
1159 653 1317 697 motus,
1351 654 1432 683 tam
1475 646 1600 698 quales
1647 656 1802 699 perma-

485 718 630 761 neant,
661 720 776 761 quam
811 709 1012 762 quomodo
1050 721 1070 748 a
1104 708 1284 761 potentiis
1326 708 1602 755 immutentur,
1654 707 1804 748 inuesti-

485 774 563 828 gari
599 771 760 812 debeant
780 802 793 824 ‚
826 784 876 813 ex
907 771 1046 813 diuersa
1077 783 1284 824 corporum
1320 770 1442 811 indole
1476 772 1651 824 primaria
1671 770 1809 812 traaa-

488 837 600 877 tionis
630 835 765 875 diuiiio
797 835 988 889 originem
1025 834 1150 875 trahit.
1233 833 1335 874 Hinc
1386 846 1546 888 corpora
1597 835 1805 888 flexibilia,

489 910 651 953 quorum
690 897 867 938 structura
903 898 952 938 ita
983 898 1034 938 est
1065 906 1284 950 comparata
1303 928 1313 947 ‚
1347 907 1390 938 vt
1409 908 1529 951 partes
1555 898 1696 939 inflefti
1715 911 1804 952 que-

489 974 554 1004 an·
576 995 587 1014 ,
624 962 668 1002 ad
707 961 933 1014 peculiarem
970 961 1209 1001 mechanicae
1242 971 1389 1014 partem
1425 960 1549 1001 referri
1582 962 1804 1016 debebunt,

489 1039 538 1081 qu
565 1037 586 1065 e
606 1058 618 1078 ‚
650 1025 716 1066 etsi
751 1025 838 1065 alias
870 1025 1037 1065 vniuersa
1073 1035 1197 1064 motus
1229 1024 1376 1064 scientia
1418 1024 1495 1065 iam
1536 1023 1617 1066 satis
1655 1025 1805 1066 exculta

488 1090 676 1139 videatur,
711 1099 842 1128 tamen
877 1100 922 1128 ne
956 1089 1001 1128 ad
1037 1087 1111 1129 hoc
1146 1100 1258 1137 vsque
1295 1099 1447 1140 tempus
1477 1089 1630 1141 quidem
1664 1101 1685 1129 a
1711 1101 1806 1143 quo-

487 1164 603 1206 quam
638 1150 692 1190 est
723 1161 890 1201 tentata,
925 1152 974 1191 ita
1009 1162 1053 1190 vt
1087 1151 1206 1190 etiam
1242 1151 1364 1203 prima
1399 1150 1580 1205 principia
1601 1183 1613 1203 ‚
1645 1163 1696 1191 ex
1722 1153 1805 1206 qui-

487 1215 557 1256 bus
607 1225 813 1267 corporum
863 1213 1089 1254 flexibilium
1140 1223 1272 1254 motus
1322 1212 1467 1253 definiri
1524 1213 1656 1254 debeat
1679 1245 1690 1262 ,
1739 1216 1806 1256 ad-

488 1277 562 1320 huc
613 1280 837 1332 ignorentur.
926 1278 1155 1334 Quanquam
1207 1277 1310 1317 enim
1352 1273 1631 1318 Celeberrimus
1668 1277 1809 1320 Diniel

489 1340 681 1384 Bernonlli
722 1351 761 1382 et
801 1353 876 1396 ego
916 1351 1067 1383 motum
1108 1339 1371 1381 oscillatorium
1415 1339 1630 1383 huiusmodi
1669 1355 1808 1396 corpo-

489 1419 575 1448 rum
610 1405 763 1445 feliciter
794 1405 1090 1458 expiicauimus,
1132 1414 1258 1445 tamen
1301 1405 1383 1458 quia
1423 1415 1570 1446 tantum
1606 1406 1809 1448 oscillatio-

491 1483 555 1512 nes
592 1469 769 1510 minimas
801 1468 922 1509 sumus
954 1468 1236 1521 contemplati,
1278 1468 1361 1522 ipsis
1391 1470 1559 1521 genuinis
1593 1471 1808 1523 principiis,

491 1534 622 1589 quibus
653 1545 858 1585 corporum
893 1532 1116 1572 flexibiiinm
1154 1542 1280 1571 motus
1312 1533 1522 1573 continetur
1542 1565 1552 1584 ,
1585 1546 1707 1573 carere
1739 1547 1810 1587 po-

493 1608 654 1638 teramus
675 1627 687 1646 ,
719 1609 807 1636 cum
843 1597 1022 1650 principia
1059 1595 1179 1635 statica
1212 1596 1325 1635 eisc-nt
1358 1594 1589 1636 sufficientia.
1658 1597 1809 1653 Quoni-

491 1675 555 1701 am
594 1662 701 1714 igitur
736 1660 810 1700 hoc
846 1670 1108 1714 argumentum
1145 1658 1253 1711 piane
1288 1659 1341 1700 est
1371 1672 1513 1700 nouum
1555 1671 1662 1714 atquc
1689 1661 1809 1703 adhuc

494 1724 706 1776 intac'tum,
742 1722 836 1764 casus
867 1734 1014 1764 tantum
1039 1723 1239 1763 nonnullos
1280 1723 1570 1776 simpliciii'imos
1601 1724 1772 1765 euoluam
1796 1756 1810 1776 ,

497 1799 537 1827 vt
576 1789 751 1842 orincipia
787 1787 925 1827 horum
961 1797 1138 1828 motuum
1181 1787 1217 1826 in
1253 1788 1423 1827 medium
1467 1787 1727 1841 prosc-mutin,
1765 1788 1808 1828 sr-

497 1853 645 1904 mulque
682 1851 879 1891 metimus
911 1853 1073 1891 tradatur
1095 1882 1106 1903 ‚
1137 1863 1209 1904 qun
1243 1853 1372 1891 omnia
1407 1851 1510 1891 huius
1549 1854 1692 1905 generis
1725 1864 1808 1904 pro-

495 1916 661 1954 blemata
695 1914 823 1954 retinui
859 1917 1065 1955 conueniat.
1152 1914 1347 1955 Methodo
1387 1915 1497 1967 igitur
1538 1915 1817 1955 mathematicis

496 1976 697 2031 conflicta,
731 1991 825 2031 qnae
860 1979 896 2018 in
930 1978 1026 2020 hanc
1060 1991 1142 2020 rem
1178 1976 1256 2019 sum
1291 1979 1518 2030 meditatus,
1560 1980 1688 2018 ordine
1726 1991 1812 2032 pro·

500 2054 659 2095 ponam.

1654 2099 1813 2162 Defi-
