2020 2668
170 72 410 126 emmer.
466 71 801 127 METEOROL.
830 69 1054 125 INSTIT.
1103 71 1328 119 PETROP.
1361 148 1364 151 .
1398 86 1489 130 249

535 199 604 239 17.
640 188 726 236 Lux
751 188 912 247 botealis
948 187 1091 239 eleuata
1108 219 1123 239 ,
1171 185 1378 237 inotdinata
1394 218 1408 240 ,
1448 195 1486 230 et

639 252 789 293 debilis.

357 348 519 406 Augusti
553 358 624 387 21.
643 346 734 387 Lux
760 343 932 386 borealis.

354 441 556 484 Nouemb.
578 453 618 480 2.
642 439 809 545 Vegigi}
837 438 929 480 lucis
957 438 1117 490 borealis
1133 438 1231 482 inter
1254 440 1366 484 nubes
1383 439 1484 500 paul-

641 504 682 545 lo
738 503 849 544 inias.

284 625 326 674 §-
348 636 389 673 4.
425 628 559 674 Pn'ma
604 627 823 682 congelatio
868 626 967 669 fiista
1004 627 1057 670 cst
1098 628 1173 672 hoc
1204 641 1304 672 anno
1334 630 1374 672 d.
1412 643 1482 683 19.

166 683 401 740 Septembris
421 726 431 745 ,
472 704 593 745 eaque
624 690 833 732 vniuersalis
852 723 862 743 ,
894 691 1006 732 coelo
1035 693 1175 734 nubilo.
1260 694 1485 737 Maximum

174 751 284 803 frigus
316 755 423 799 huius
460 756 545 796 anni
576 755 708 795 incidit
739 754 776 794 in
808 754 911 794 diem
949 767 1021 795 21.
1054 755 1281 798 Decembris
1300 789 1311 806 ,
1344 759 1482 812 quoin

173 818 364 857 serenitate
396 818 556 871 perfied'ta
572 849 584 869 ,
615 828 725 857 mane
743 847 754 867 ,
805 815 898 857 hora
928 829 957 865 9
978 847 989 866 ,
1038 817 1359 860 thermometrum
1401 820 1480 861 fah-

168 880 326 920 renheit.
359 879 548 921 descendit
577 889 693 932 vsque
722 878 766 918 ad
798 879 930 932 gradus
967 881 1005 918 8.
1034 879 1124 919 infra
1143 891 1170 919 ο
1189 912 1200 932 ,
1237 881 1342 921 nullo
1383 881 1480 923 flan-

164 951 208 982 te
243 950 372 981 vento.
436 942 566 995 Frigus
596 950 785 995 praeterea
818 939 942 994 paullo
975 941 1097 982 minus
1128 954 1211 983 acre
1244 943 1394 997 experti
1421 944 1479 986 su-

166 1016 254 1046 mus
301 1003 376 1045 hoe
422 1016 522 1045 anno
569 1004 697 1046 diebus
747 1006 819 1043 28.
854 1003 1070 1055 Februarii,
1107 1013 1148 1053 ς.
1188 1015 1257 1056 15.
1296 1015 1367 1056 17.
1406 1011 1496 1053 18„

171 1080 242 1115 19.
281 1079 352 1107 20.
387 1080 474 1107 22..
499 1078 570 1116 23.
603 1078 676 1115 27.
715 1072 786 1108 28.
850 1064 1106 1118 chetnbris,
1136 1068 1200 1121 qui
1235 1080 1371 1110 omnes
1405 1070 1480 1112 dies

167 1130 490 1171 thermometrum
542 1131 661 1172 modo
697 1129 841 1170 die'tum
876 1129 922 1169 ad
956 1129 1164 1171 minimum
1215 1130 1256 1171 in
1285 1131 1399 1185 gradu
1431 1146 1476 1175 ο.

166 1193 375 1246 depressum
410 1203 622 1233 tenuerunt.
688 1191 883 1234 Maximus
923 1191 1026 1233 calor
1062 1191 1130 1233 fuit
1163 1192 1203 1233 d.
1243 1205 1312 1244 19.
1345 1194 1477 1246 Iunii,

162 1257 382 1296 ostendente
448 1254 731 1298 thermometro
795 1254 966 1297 fahrenh.
1014 1255 1147 1310 gradus
1198 1258 1270 1301 86.
1312 1257 1353 1299 in
1386 1258 1476 1301 loco

165 1318 365 1359 vmbroso.

278 1444 316 1493 ξ.
340 1454 379 1493 ς.
417 1444 601 1486 Tonitrua
632 1445 754 1487 andita
785 1443 932 1486 fuerunt
961 1442 1038 1486 hoc
1067 1456 1173 1487 anno
1217 1445 1363 1502 Aprilis
1399 1450 1470 1493 11.

166 1506 262 1548 Maii
296 1520 366 1558 29.
418 1507 516 1550 Iunii
563 1518 609 1560 7.
657 1521 726 1550 10.
761 1520 833 1560 14.
868 1514 940 1551 18.
981 1521 1049 1560 19.
1085 1520 1161 1562 ες.
1199 1520 1269 1561 29.
1305 1511 1391 1555 Iulii
1425 1520 1469 1561 8.

165 1574 238 1610 26.
274 1572 428 1625 Augusti
460 1582 507 1620 ¹7.

281 1697 314 1745 §.
351 1701 391 1736 6.
428 1698 650 1739 Altitudines
696 1696 902 1751 pluuiarnm
969 1706 1011 1738 et
1059 1699 1202 1741 niuium
1253 1700 1467 1755 liquefacta-

164 1771 248 1800 rum
301 1773 352 1799 cx
386 1760 694 1802 obseruationibus
727 1759 826 1801 Clar.
859 1759 1085 1804 Richmanni
1133 1762 1208 1803 hoc
1247 1776 1347 1806 anno
1385 1768 1466 1808 fue-

165 1832 248 1861 runt
281 1822 458 1876 sequentes
477 1856 487 1876 ,
521 1825 560 1864 in
590 1823 785 1880 pollicibus
815 1833 853 1865 et
899 1825 1064 1880 partibus
1101 1826 1310 1871 centesimis
1358 1831 1464 1886 pedis:

164 1884 396 1926 londinensis.

229 2038 335 2084 Tom.
370 2042 498 2088 XIV.
803 2046 823 2088 1
853 2051 863 2087 i
1322 2061 1457 2103 1743.
