2020 2668
319 80 398 123 DE
431 76 620 123 PITVIT
616 79 655 121 A
689 73 1016 122 GLVTINOSA
1060 76 1362 122 LARYNGIS.
1459 93 1541 123 211

254 193 389 233 minari
419 191 549 232 solent.
610 189 809 231 Praesentia
840 189 915 230 eius
949 201 1017 242 per
1047 187 1244 230 molestam
1293 190 1458 244 aliquam
1492 192 1547 233 la-

253 256 377 308 ryngis
407 265 446 295 et
477 254 684 294 vicinarum
715 254 879 306 partium
912 251 1121 291 tensionem
1143 281 1155 304 ,
1195 259 1234 292 et
1262 251 1453 307 aliqualem
1483 267 1543 295 re-

250 316 454 370 spirationis
493 315 751 356 difficultatem
784 314 1007 368 indigitatur.
1073 314 1172 370 Quia
1203 326 1299 354 vero
1328 325 1410 356 turn
1430 329 1543 370 quam

252 381 421 419 maixime
452 391 543 432 pur-‚i
575 390 643 419 nec
673 377 748 419 aliis
779 376 1000 418 humoribus
1039 377 1162 417 minus
1190 376 1381 431 glutinosis
1427 380 1539 421 inter-

250 443 355 482 mista
384 441 435 482 est
456 472 467 492 ‚
517 441 631 482 etiam
671 440 843 481 lateribus
882 439 1041 492 laryngis
1072 448 1181 479 tanto
1226 441 1447 493 pertinacius
1475 442 1540 484 ad-

246 503 403 557 haeret,
444 512 482 543 et
513 512 618 543 tanto
667 503 850 544 difficilius
880 503 1099 543 excernitur.
1179 501 1244 543 Ad
1291 502 1539 552 facilitandam

244 566 357 618 igitur
403 565 670 606 eruci-„itionem
720 566 916 619 requiritur
932 596 944 616 ‚
974 574 1019 604 vt
1050 564 1112 605 alii
1155 564 1337 606 humores
1383 568 1505 619 aquosi
1522 599 1535 620 ‚

244 630 305 680 qui
340 627 465 681 gluten
496 628 587 669 istud
605 628 812 668 obtundere
842 628 971 667 valent
989 658 1000 677 ‚
1032 627 1156 680 quales
1185 626 1266 668 sunt
1297 640 1458 683 vapores
1481 630 1535 670 fii-

244 691 336 730 liuae
365 702 416 732 cx
447 701 513 729 ore
546 703 611 743 per
642 690 917 742 inspirationem
951 688 1080 739 allati,
1112 699 1152 730 et
1183 690 1337 743 reliquus
1367 692 1536 734 tracheae

243 752 382 792 iiatiuus
412 752 574 801 mador,
605 753 852 804 applicentur.
915 752 986 792 His
1013 753 1118 790 enim
1157 752 1392 805 reciprocato
1440 755 1535 795 aeris

243 813 396 853 traiec‘tu
427 813 601 853 immistis
631 822 670 852 et
701 814 926 866 interpositis
958 812 1091 866 pituita
1139 813 1290 854 tandem
1320 827 1342 855 a
1371 815 1531 870 laryngis

236 875 434 928 parictibus
463 874 576 914 soluta
607 874 817 927 abstergitur
833 907 844 925 ,
876 886 920 914 ac
951 886 1019 927 pei·
1049 872 1171 913 tussim
1195 883 1235 913 et
1251 877 1429 917 screatum
1447 880 1528 931 agi-

236 946 311 976 tata
344 936 512 976 reiicitur.
576 934 685 976 Dum
721 949 818 977 vero
849 935 1080 978 accumulata
1116 935 1249 989 pituita
1288 937 1528 992 respiratione

236 1000 329 1038 intra
363 998 522 1051 laryngis
552 1007 592 1037 et
623 999 794 1039 micheae
823 999 1024 1039 cauitatem
1057 1009 1155 1038 nunc
1186 996 1320 1041 sursum
1339 1013 1436 1042 nunc
1461 1004 1524 1044 de-

233 1062 356 1101 orsum
391 1059 502 1100 fertur
519 1092 531 1111 ,
563 1072 639 1100 non
671 1061 791 1114 potest
820 1074 897 1101 non
931 1059 1101 1115 glottidis
1148 1071 1359 1114 aperturam
1406 1064 1525 1118 ipsam

233 1124 392 1164 obsidere
412 1155 423 1174 ‚
472 1122 577 1162 illam
618 1123 864 1164 inordinatim
895 1123 1083 1164 coarctare
1102 1154 1114 1173 ‚
1158 1132 1200 1162 et
1230 1124 1525 1169 inuoluntarium

232 1186 374 1226 sibilum
425 1184 689 1241 strepitumque
720 1199 807 1228 cum
854 1185 1046 1227 raucedine
1084 1183 1232 1226 fiibinde
1278 1190 1526 1231 coniunctum

229 1248 387 1289 efficere.

343 1311 377 1359 §.
398 1323 438 1360 9.
474 1309 632 1365 Qiando
666 1311 794 1364 pituita
827 1322 916 1364 pura
947 1319 984 1351 et
1018 1311 1168 1364 copiola
1200 1311 1385 1354 erudiatur
1401 1345 1413 1366 ,
1438 1316 1522 1368 ple-

228 1385 383 1426 rumque
414 1373 472 1412 sub
505 1373 632 1413 habitu
664 1373 795 1414 manae
827 1373 971 1413 alicuius
1001 1373 1125 1427 spiss'ae
1157 1374 1254 1415 rudis
1271 1406 1283 1427 ‚
1322 1376 1519 1430 indigestae

226 1446 263 1474 et
294 1435 491 1475 vniformis
521 1447 695 1488 apparere
727 1436 817 1476 solet
836 1465 846 1484 ,
882 1436 922 1475 in
953 1449 1024 1490 qua
1063 1437 1161 1477 nulla
1198 1437 1362 1490 partium
1410 1451 1516 1481 com-

223 1499 445 1550 ponentium
484 1498 676 1538 distinetio
724 1498 947 1539 discernitur.
1029 1495 1132 1540 Cum
1165 1511 1258 1539 vero
1289 1509 1352 1541 aut
1384 1501 1518 1555 aliua,

223 1569 285 1599 aut
317 1561 458 1600 narium
491 1572 623 1600 mucus
655 1560 791 1601 vitreus
820 1569 883 1599 aut
929 1561 1087 1614 laryngis
1116 1561 1251 1602 mador
1287 1563 1517 1605 intermisce-

223 1631 282 1661 tur
301 1653 312 1672 ‚
347 1624 534 1673 generatio
562 1623 638 1661 eius
669 1624 956 1676 quodammodo
981 1623 1245 1663 manifestatur.
1311 1625 1375 1666 Ex
1405 1626 1516 1678 pluri-

223 1683 295 1723 mis
341 1684 444 1722 enim
493 1684 650 1724 mussulis
679 1686 774 1737 quasi
824 1685 1018 1736 granulatis
1043 1686 1202 1725 conflata
1235 1686 1307 1726 este
1343 1688 1513 1742 videtur,

221 1757 314 1798 quae
332 1743 502 1786 maffulae
519 1758 635 1799 porro
660 1759 709 1786 ex
741 1747 900 1787 mucosis
934 1746 1135 1789 filamentis
1150 1747 1360 1805 serpentino
1393 1752 1514 1793 modo

220 1808 365 1848 intortis
382 1821 424 1848 ac
441 1810 645 1849 coiiuolutis
675 1809 1014 1862 conglomerantur.

215 1873 218 1876 ’
334 1871 368 1920 §.
394 1884 459 1910 10.
494 1871 595 1911 Haec
627 1871 905 1912 filamentorum
938 1871 1186 1925 configuratio
1201 1873 1402 1916 luculenter
1419 1908 1430 1928 ,
1451 1877 1509 1917 ni-

214 1932 322 1972 'fallor
341 1964 354 1985 ‚
387 1933 501 1986 arguit
518 1966 528 1985 ,
561 1933 679 1974 adeffe
712 1935 901 1988 singularia
932 1946 1072 1987 organa
1091 1967 1101 1987 ,
1141 1948 1190 1976 ex
1221 1949 1378 1990 quorum
1404 1940 1508 1979 orifi-

219 1995 285 2034 ciis
315 1996 574 2050 angustioribus
603 1996 669 2038 ista
700 1998 904 2038 eructentur
921 2029 933 2048 ,
962 2007 1000 2038 et
1031 1998 1072 2038 in
1104 2011 1264 2052 quorum
1296 1999 1428 2044 sinibus
1465 2015 1506 2043 ac

799 2059 841 2101 D
858 2060 882 2100 d
903 2072 926 2098 2
1365 2064 1505 2104 recessi*
