2020 2668
291 81 379 130 DE
408 79 637 127 PlWlTA
669 74 1005 125 GLVTINOSA
1042 76 1340 124 LARYNGIS.
1404 91 1496 134 213

197 206 323 238 autem
359 195 444 237 illae
475 193 675 235 humiliore
707 192 878 234 tracheae
910 190 998 233 loco
1028 199 1067 232 et
1097 191 1193 232 circa
1226 191 1365 246 primas
1381 191 1497 234 bron·

198 259 369 299 chiorum
403 257 594 298 diuisiones
623 255 788 297 resident.
851 253 944 294 Tale
973 253 1120 307 gluten,
1170 252 1198 295 si
1234 264 1310 294 tam
1343 255 1494 307 profun-

199 322 251 362 do
284 322 371 360 loco
401 326 631 373 generaretur
648 349 659 370 ‚
693 329 770 358 non
801 317 917 357 solum
951 315 1094 357 summa
1136 327 1222 356 cum
1275 315 1491 357 difficultate

199 393 240 422 et
273 383 365 423 a'e'ris
395 379 629 422 concussione
670 377 990 420 vehementissima
1020 379 1152 419 eleuari
1201 378 1381 430 deberet,
1430 378 1492 420 sed

199 445 404 485 verendum
438 444 550 483 etiam
582 441 667 482 esset
686 473 697 492 ,
730 454 776 482 ne
808 450 1000 495 perpetuas
1031 440 1299 482 bronchiorum
1346 441 1494 482 obtura-

199 508 321 547 tiones
351 505 526 546 efficeret.
590 503 712 546 Ree'te
745 505 855 558 igitur
884 503 978 545 mibi
1010 504 1163 545 iudicare
1195 504 1364 544 videntur
1403 516 1492 544 ana·

198 571 333 610 tomici
351 600 362 620 ,
396 569 457 621 qui
489 567 658 608 blandum
699 566 850 607 istarum
890 565 1143 619 glandularum
1191 566 1377 620 liquorem
1423 566 1491 607 illi-

199 632 330 671 nendis
361 629 528 670 tracheae
561 629 757 683 parietibus
788 639 827 669 et
857 628 1092 669 emolliendis
1121 629 1194 669 eius
1233 630 1396 682 partibus
1425 630 1494 669 in-

198 693 329 733 seruire
359 693 576 733 arbitrantur
594 723 604 743 ,
637 692 674 731 id
705 692 802 744 quod
835 703 857 730 a
904 691 1034 744 pituita
1093 691 1156 731 ista
1205 690 1381 744 glutinosa
1421 703 1492 732 ex-

200 755 357 808 spectari
393 755 528 807 nequit.
596 752 729 805 Neque
761 753 877 793 obstat
898 783 908 802 ‚
941 753 1041 805 quod
1070 753 1192 805 liquor
1222 765 1272 793 ex
1303 754 1375 794 istis
1391 752 1494 806 glan-

199 818 291 858 dulis
318 816 501 869 expressus
531 828 552 855 a
585 815 853 867 proststoribus
883 815 997 854 etiam
1039 814 1194 855 viscidus
1249 814 1491 867 deprehensus

198 880 303 920 suerit
323 910 334 929 ,
365 879 425 931 qui
456 878 559 917 enim
591 878 628 915 in
659 877 879 916 cadauerum
911 875 1132 916 sedtionibus
1162 878 1336 929 occupati
1384 875 1492 927 sunt,

196 941 340 981 fiiliuam
361 971 371 991 ‚
403 940 441 978 in
473 949 629 991 corpore
661 938 752 977 viuo
785 936 865 977 satis
906 947 1057 978 tenuem
1077 970 1089 989 ‚
1133 946 1172 978 et
1200 947 1339 978 ceteros
1387 937 1494 991 glan·

197 1003 364 1043 dularum
397 1002 473 1041 oris
513 1001 689 1040 humores
706 1032 717 1051 ,
766 999 964 1041 exhalante
1012 1009 1118 1054 parte
1167 1001 1331 1040 tenuiore
1350 1031 1361 1051 ,
1410 999 1494 1053 post

197 1074 365 1106 mortem
398 1065 437 1103 in
470 1062 649 1102 viscidum
682 1071 721 1101 et
754 1071 866 1102 tenax
915 1063 1103 1116 liquamen
1151 1075 1193 1103 ac
1224 1062 1372 1115 spissum
1407 1075 1493 1102 mu-

194 1139 286 1168 cum
319 1125 480 1166 fatiscere
512 1124 624 1164 solere
657 1123 756 1164 haud
786 1125 990 1178 ignorant3
1023 1135 1068 1164 vt
1097 1125 1207 1177 igitur
1236 1137 1257 1164 a
1289 1124 1494 1165 viscositate

197 1189 346 1243 liquoris
375 1190 414 1228 in
445 1198 604 1240 corpore
634 1195 787 1226 mortuo
820 1188 869 1227 de
902 1188 1105 1227 tenacitatis
1136 1185 1245 1239 gradu
1285 1188 1323 1227 in
1355 1198 1495 1239 corpo·

198 1264 238 1292 re
269 1253 360 1292 viuo
393 1250 553 1290 iudicare
584 1249 802 1301 neutiquam
836 1249 955 1289 liceat.
1021 1247 1088 1289 Sin
1120 1249 1259 1289 accidat
1277 1280 1289 1300 ,
1321 1249 1421 1302 quod
1453 1248 1491 1288 in

198 1315 288 1355 statu
320 1313 487 1366 corporis
518 1309 692 1351 morboso
725 1310 871 1351 subinde
904 1311 984 1351 fieri
1015 1310 1118 1364 poffe
1150 1323 1227 1350 non
1246 1311 1457 1364 negauerim
1481 1343 1494 1363 ,

198 1386 241 1416 vt
271 1375 518 1429 glandularum
552 1373 701 1413 istarum
732 1372 871 1413 sundtio
903 1385 952 1412 eo
981 1374 1175 1426 degeneret
1193 1405 1204 1425 ‚
1249 1382 1292 1413 vt
1323 1372 1494 1414 humoris

198 1440 315 1479 tenuis
346 1438 431 1478 loco
462 1436 636 1489 pituitam
668 1444 835 1475 tenacem
864 1435 1045 1476 fundant:
1077 1436 1208 1476 omnia
1226 1435 1415 1488 praedicta
1434 1436 1495 1475 in-

197 1500 408 1542 commoda
440 1497 719 1552 oppressionem
749 1497 911 1551 pee'toris
944 1498 1152 1538 minitantia
1183 1498 1348 1551 ingruere
1386 1497 1494 1540 fimul

195 1563 425 1618 experimur.

313 1625 347 1672 ξ.
373 1634 440 1670 13.
475 1623 539 1663 An
569 1621 763 1675 singulares
794 1622 980 1674 glandulae
1014 1623 1145 1663 dentur
1182 1622 1357 1666 haetenus
1389 1624 1491 1665 inco-

202 1687 353 1740 gaitae,
385 1697 578 1738 equarum
613 1684 714 1724 fonte
746 1684 878 1737 pituita
910 1686 1064 1725 deriuari
1095 1684 1250 1738 posset?
1279 1699 1366 1726 cum
1399 1686 1494 1727 haec

198 1749 360 1802 quaestio
389 1746 723 1788 contradictionem
755 1747 892 1787 nullam
927 1748 1120 1799 inuoluat,
1151 1748 1322 1788 animum
1357 1760 1490 1789 meum

199 1811 412 1864 compulit,
445 1819 487 1849 vt
518 1809 704 1849 studiosius
735 1807 801 1848 has
832 1818 952 1861 partes
986 1810 1245 1863 perscrutarer3
1289 1810 1349 1851 sed
1382 1822 1486 1863 repe-

199 1874 276 1913 titis
306 1871 604 1925 disquisitionibus
642 1871 681 1910 in
719 1870 816 1910 hunc
856 1871 971 1911 finem
1013 1872 1150 1912 directe
1188 1873 1358 1913 institutis
1396 1872 1491 1913 nihil

197 1935 455 1988 deprehendi,
488 1933 586 1987 quod
618 1945 695 1972 non
726 1933 772 1972 ab
804 1931 881 1973 aliis
911 1934 988 1973 iam
1022 1933 1253 1975 obseruatum
1286 1944 1324 1975 et
1343 1935 1489 1976 dictum

199 1996 318 2039 suerit.
385 1996 482 2042 Non
514 1994 660 2052 poffum
693 1996 1016 2100 tamlgndreticere
1055 1996 1270 2051 singularem
1302 1999 1492 2053 quandam

888 2071 913 2110 3
1409 2060 1493 2114 spe·
