2020 2668
531 96 626 162 570
933 93 1412 151 NEAPomARVM.

532 232 647 275 „cere
665 217 903 260 celeberrima
911 216 1185 260 Praenestinam
1194 225 1234 258 et
1243 214 1499 272 Campanam.
1510 213 1579 258 Est
1597 225 1710 270 genus
1725 212 1860 270 etiam,

533 297 670 340 „quam
703 281 936 324 centifoliam
978 283 1107 324 dicunt
1125 315 1137 335 ‚
1154 294 1250 336 quae
1281 281 1334 323 est
1366 281 1407 322 in
1442 278 1659 335 Campania
1710 278 1858 322 Italiae.

532 350 641 404 Quae
673 357 798 387 autem
832 347 881 388 de
917 343 1127 401 Campanis
1157 347 1249 388 rosis
1280 345 1319 386 in
1350 357 1488 400 genere
1505 344 1676 385 dicuntur
1697 376 1707 394 ,
1725 345 1860 385 eadem

531 411 667 453 omnia
700 412 748 452 ad
783 409 1058 465 Neapolitanas
1105 411 1185 452 iure
1223 409 1363 452 eodem
1409 407 1539 450 referri
1557 440 1569 461 ,
1623 420 1702 449 non
1736 407 1863 462 potest

531 475 601 517 vui
631 473 788 516 dubium
823 474 959 516 videri.

651 537 868 580 Enimuero
899 536 1230 593 quemadmodum
1262 537 1311 580 de
1343 534 1557 593 Campanis
1585 534 1676 577 rosis
1714 533 1863 577 nullum

533 601 609 645 effe
642 602 767 657 potest
797 603 984 644 dubium:
1017 602 1069 643 ita
1102 602 1150 643 de
1182 600 1262 642 rosa
1294 601 1448 644 Rhodia
1487 601 1634 641 videtur
1667 611 1724 641 res
1753 600 1867 641 nimis

533 666 650 709 dubia
681 674 721 707 et
755 665 990 707 conmierss
1008 698 1020 718 ‚
1052 678 1164 721 quam
1197 676 1241 707 vt
1270 666 1318 706 de
1348 678 1393 706 ea
1424 663 1520 705 olim
1553 663 1687 718 scripta
1721 662 1767 704 ad
1794 675 1866 704 no·

535 730 624 774 stms
657 729 755 771 rosas
785 730 890 772 illico
924 729 1190 772 transferamus.
1253 730 1382 784 Aliqui
1411 730 1517 769 enim
1559 729 1608 769 ab
1642 727 1712 768 isto
1751 738 1868 782 gene·

538 807 581 837 re
601 828 614 848 ,
648 795 752 849 quod
786 795 839 837 ob
873 794 975 836 floris
1006 792 1317 848 elegantissimam
1349 793 1590 847 fragrantiam
1622 791 1736 833 hodie
1767 790 1868 832 cele-

537 859 720 910 bramus,
752 857 948 901 Rhodiam
982 858 1097 911 longe
1137 858 1374 912 disiungunt,
1424 869 1541 910 quam
1593 855 1756 896 balaustii
1807 853 1868 898 seu

540 923 633 965 mali
667 921 831 962 Punicae
866 921 1004 963 florem
1038 921 1287 974 existimant,
1320 921 1581 974 tingendisque
1621 920 1713 960 lanis
1759 919 1867 960 adhi-

539 986 662 1028 bitam
693 986 861 1026 docent:
895 985 986 1025 dum
1018 985 1080 1024 alii
1114 995 1259 1024 certant
1281 1016 1291 1034 ‚
1309 985 1547 1024 eminentem
1567 984 1734 1036 aliquam
1767 981 1868 1024 rofio

538 1050 724 1091 odoratae
756 1057 795 1088 et
825 1047 1043 1089 coronariae
1074 1045 1240 1101 speciem
1276 1048 1377 1088 illam
1412 1047 1511 1087 stiiffi:
1531 1079 1542 1098 ,
1578 1057 1688 1100 atque
1713 1047 1752 1086 in
1770 1047 1870 1088 hauc

540 1124 626 1156 tem
658 1111 821 1165 allegant
873 1109 1094 1152 DinYMl
1147 1108 1554 1153 ALEXANDRINI
1607 1110 1869 1151 testimonium

541 1187 595 1218 ex
611 1174 837 1230 geoponicis
854 1206 866 1226 ,
898 1186 994 1228 quae
1013 1172 1187 1214 scribenti
1221 1186 1300 1214 non
1333 1174 1377 1213 ad
1396 1185 1527 1214 manus
1544 1172 1624 1214 sunt
1642 1207 1653 1225 ‚
1687 1186 1764 1228 quo
1783 1172 1872 1214 rosis

541 1239 710 1281 diuinior
741 1248 869 1279 natura
902 1238 1139 1278 vindicatur:
1172 1237 1271 1292 quod
1305 1247 1435 1277 vtrurn
1475 1237 1523 1276 de
1554 1236 1654 1289 illis,
1706 1250 1800 1291 quae
1834 1239 1871 1279 in

540 1302 789 1347 Rhodiomm
810 1300 919 1342 insula
937 1301 1180 1342 nascebantur
1199 1333 1210 1353 ,
1243 1300 1404 1341 seorsum
1423 1300 1570 1341 dietum
1583 1333 1594 1352 ,
1628 1313 1673 1340 an
1693 1302 1741 1340 dc
1760 1314 1872 1355 prae-

541 1364 772 1410 stantiffimis
803 1365 980 1407 omnibus
1009 1364 1297 1420 intelligendum
1331 1365 1374 1406 sit
1391 1396 1403 1417 ,
1435 1364 1636 1405 diiudicare
1670 1377 1768 1406 nunc
1795 1377 1872 1406 non

543 1443 601 1489 po
662 1494 795 1550 Quum
827 1504 922 1534 vero
951 1488 1174 1535 PLINIVS
1208 1491 1460 1534 Alabandicas
1491 1491 1587 1533 rosas
1622 1493 1721 1533 inter
1763 1505 1870 1546 prae-

545 1557 780 1601 fflntiffimas
812 1556 1030 1607 recenseat,
1065 1569 1221 1610 quarum
1257 1558 1375 1610 patria
1405 1556 1458 1597 est
1490 1557 1529 1597 in
1564 1554 1673 1596 Caria
1727 1557 1873 1599 Rhodo

546 1622 721 1665 obiecta:
754 1622 924 1662 nondum
957 1621 1078 1661 audeo
1108 1621 1276 1675 accipere
1307 1620 1454 1661 illorum
1508 1621 1727 1660 sententiam
1746 1652 1758 1672 ,
1809 1620 1873 1675 qui

547 1686 647 1728 roias
679 1684 924 1728 Rhodiorum
958 1685 997 1725 in
1030 1685 1188 1738 punicae
1208 1684 1297 1725 mali
1318 1684 1452 1724 florem
1481 1684 1759 1724 tmnssbrmant.
1780 1682 1873 1725 Cer-

548 1760 586 1793 te
620 1750 765 1806 pic'tura
797 1750 835 1790 in
870 1750 993 1790 numis
1027 1748 1139 1789 obuia
1174 1748 1256 1788 talis
1289 1749 1437 1788 videtur
1468 1758 1511 1788 vt
1544 1749 1589 1788 ad
1611 1748 1708 1788 rosas
1734 1748 1875 1788 nostras

546 1815 641 1857 flore
675 1826 753 1856 non
787 1813 904 1868 pleno
953 1812 1094 1853 facilius
1143 1812 1236 1852 trahi
1275 1809 1379 1865 poise
1428 1812 1625 1864 videatur,
1676 1823 1789 1865 quam
1825 1812 1872 1853 ad

548 1881 705 1932 punicae
737 1877 890 1918 florem.
957 1875 1138 1918 Maxime
1171 1876 1324 1929 quidem
1359 1875 1525 1916 offendet
1564 1876 1783 1916 botanicum
1811 1875 1874 1916 ille

548 1943 648 1996 apud
683 1939 960 1983 BEGERVM
994 1941 1126 1981 vnicu3
1153 1948 1243 1995 pag.
1279 1953 1385 1992 4¹2-
1423 1952 1518 1980 num.
1560 1951 1596 1977 ι.
1633 1938 1697 1978 vbi
1745 1950 1874 1993 aperte

551 2006 680 2047 sistitur
712 2006 784 2046 flos
823 2004 1099 2059 hexapetalus;
1133 2016 1254 2057 quum
1289 2004 1464 2044 omnium
1498 2002 1674 2042 consensu
1709 2003 1788 2042 rosa
1828 2003 1873 2044 sit

551 2070 803 2127 pentapctala.
865 2067 941 2112 Sed
974 2069 1057 2124 quis
1088 2069 1128 2110 in
1158 2066 1292 2109 talibus
1308 2066 1506 2122 praestabit
1529 2065 1872 2121 antiquissimorum

1679 2130 1873 2184 pictorum
