2020 2668
442 91 522 132 DE
555 86 863 130 TINCTVRIS
896 87 949 130 M
954 84 1243 131 ETALLORV
1245 86 1300 127 M
1303 117 1310 124 .
1452 100 1474 125 2
1483 97 1538 137 93

246 214 326 243 rem
359 201 550 242 redactum
568 210 606 240 et
640 213 729 240 cum
755 211 861 239 arena
896 209 957 238 aut
992 198 1088 238 limo
1108 199 1234 237 tritum
1255 228 1266 247 ‚
1318 208 1356 236 et
1393 198 1540 237 tandem

246 265 377 304 eadem
411 265 553 304 ratione
583 263 773 303 tractatum
796 276 807 315 3
828 271 936 314 prout
958 262 991 309 §.
1022 274 1088 310 14.
1110 260 1271 300 delimo
1288 269 1325 298 et
1352 259 1439 299 oleo
1474 260 1541 299 lini

246 327 387 368 dictum
408 327 457 366 est
475 359 486 377 ,
504 326 694 365 metallum
714 325 859 377 largitur
878 320 954 378 (¹¹⁸²).
987 327 1037 371 2)
1060 322 1167 362 Idem
1187 322 1364 362 minet-ale
1389 322 1540 362 metalla

246 390 428 429 vinidiore
462 389 587 428 colore
614 386 753 440 tingit,
803 387 900 439 quod
934 387 1059 425 videre
1082 385 1132 424 est
1156 386 1192 424 in
1218 386 1359 424 minera
1393 385 1540 437 plumbi

245 449 428 504 splendida
447 483 458 502 ,
494 460 536 490 vt
565 460 602 490 et
633 450 669 489 in
702 450 825 502 pyrite
858 447 1054 501 sulphureo
1071 446 1236 487 Martiali
1269 457 1330 487 aut
1351 447 1537 487 Venereo.

248 520 292 564 3)
335 514 479 553 Aurum
498 525 587 552 cum
607 512 707 552 siliua
725 521 762 551 et
785 524 875 563 aqua
893 511 1017 551 leniter
1036 511 1163 550 tritum
1193 510 1352 550 odorem
1387 508 1538 562 sulphu-

245 588 350 616 reum
375 575 512 615 emittit
531 571 642 629 (ΨΚ).
663 580 707 624 4)
727 573 851 614 Maia>
868 583 994 612 tamen
1014 573 1302 613 firmamentum
1321 572 1424 613 affert
1443 572 1535 612 dicti

242 638 417 691 phlogisti
438 638 617 677 identitas.
652 637 860 676 Enimuero
879 645 988 688 prout
1007 636 1151 675 metalla
1169 646 1216 673 ex
1234 635 1388 675 calcibus
1419 644 1456 674 et
1482 636 1540 675 vi—

244 701 308 740 tris
326 701 539 752 plerumque
572 699 835 752 vegetabilium
853 698 1069 737 carbonibus
1087 698 1305 737 reducuntur
1324 729 1335 747 ,
1364 706 1407 736 vt
1433 696 1535 750 supra

242 757 279 804 §.
313 775 330 800 1
344 776 361 801 1
410 763 626 802 monuimus
646 775 657 813 3
679 763 727 800 ita
747 773 890 812 quoquc
909 770 946 799 et
963 758 1106 812 sulphur
1124 769 1352 812 regeneratur
1369 771 1418 798 ex
1445 760 1535 801 oleo

241 825 381 865 vitrioli
403 854 414 874 ‚
434 825 532 877 quod
550 837 638 864 cum
656 822 759 863 alcali
778 822 859 861 fixo
876 822 1131 862 combinatum
1160 831 1198 860 et
1215 822 1364 861 adiecto
1384 821 1533 873 puluere

239 888 442 926 carbonum
478 887 513 924 in
531 885 647 939 hepar
679 885 916 937 colliquatum
939 917 948 935 ,
977 884 1133 936 denique
1176 895 1266 935 aqua
1307 882 1463 922 solutum
1496 892 1535 922 et

239 948 496 988 transcolatum
530 958 640 987 aceto
669 947 844 987 destillato
878 946 913 983 in
948 945 1001 985 lac
1033 944 1211 997 fiilphuris
1243 945 1517 997 praecipitatur.

355 1011 388 1058 ς.
415 1022 485 1048 20.
539 1008 716 1049 Ceterum
776 1008 925 1047 metalla
965 1020 1052 1048 cum
1096 1008 1238 1060 fulgore
1286 1015 1370 1046 tum
1412 1008 1532 1047 etiam

239 1072 442 1113 duc'tilitate
474 1073 633 1112 multum
681 1073 775 1112 inter
812 1072 845 1109 [e
878 1071 1083 1121 differunt3
1127 1071 1227 1109 cuius
1269 1068 1532 1122 discrepantiae

239 1136 335 1174 ratio
368 1135 544 1174 sufficiens
575 1135 780 1188 quaerenda
815 1133 864 1172 cst
898 1133 936 1171 in
971 1132 1111 1183 reliquis
1142 1130 1379 1170 metallorum
1408 1132 1531 1171 misci-

240 1196 366 1236 bilibus
387 1228 396 1244 ‚
428 1209 520 1249 quae
554 1197 740 1249 phlogisto
775 1196 872 1234 varia
905 1194 1147 1246 proportione
1197 1194 1364 1233 admixta
1425 1193 1530 1234 fimul

237 1271 325 1300 cum
362 1260 425 1298 illo
457 1260 493 1297 in
523 1258 709 1311 liiperficie
749 1257 931 1297 cuiuslibet
974 1256 1178 1307 corpusculi
1212 1256 1385 1295 metallici
1418 1256 1531 1296 mixti

239 1321 380 1361 herent.
433 1321 587 1362 Etenim
605 1333 692 1361 cum
727 1321 848 1373 fulgor
863 1329 899 1357 et
924 1319 1107 1357 duc‘tilitas
1138 1331 1157 1358 a
1184 1317 1370 1369 phlogisto
1411 1318 1530 1370 profi-

236 1384 426 1433 ciscantur,
444 1384 595 1436 sequitur
613 1383 761 1423 metalla
779 1415 789 1433 ,
808 1394 898 1434 quae
916 1382 1033 1433 magis
1052 1381 1184 1432 fulgida
1201 1390 1239 1419 et
1256 1379 1403 1420 ductilia
1423 1379 1501 1420 lunt
1518 1413 1529 1433 ‚

238 1446 370 1486 horum
392 1445 620 1499 superficiem
638 1445 776 1485 densius
795 1444 1001 1497 phlogiston
1021 1454 1220 1495 occupare,
1240 1454 1352 1495 quam
1373 1454 1502 1482 eorum
1516 1475 1527 1495 ,

237 1521 326 1561 quae
347 1509 470 1549 minus
486 1508 646 1561 fulgent,
681 1510 869 1559 minusque
896 1506 1043 1545 ductilia
1070 1506 1169 1558 sunt3
1207 1506 1372 1558 adeoque
1392 1537 1402 1554 ,
1462 1506 1528 1546 vbi

235 1571 503 1612 inflammabile
529 1572 651 1610 minus
675 1571 844 1622 stipatum
865 1568 1063 1620 superficiei
1081 1567 1376 1620 corpusculorum
1414 1569 1528 1607 mixti

237 1634 406 1682 adheret,
462 1634 510 1673 ibi
545 1633 680 1672 necesse
699 1633 770 1682 est,
806 1642 850 1670 vt
870 1632 1064 1684 particulae
1083 1631 1243 1670 aliorum
1293 1629 1525 1669 miscibilium

233 1695 300 1736 illis
332 1696 399 1735 suit
431 1696 661 1748 interpofitae
680 1727 690 1745 ,
723 1694 785 1734 vel
819 1705 888 1746 per
919 1694 993 1732 eius
1027 1692 1255 1732 interstitiola
1298 1691 1531 1744 prospiciant.

349 1758 383 1805 ξ.
408 1769 479 1796 21.
514 1759 677 1798 Acidum
708 1757 936 1809 principium
970 1756 1150 1795 tincturae
1181 1756 1410 1807 quorundam
1444 1766 1529 1794 rne-

235 1821 409 1860 tallorum
443 1819 651 1870 admisceri,
677 1829 714 1858 et
746 1819 901 1871 quidem
935 1817 1069 1857 diuersa
1103 1818 1328 1869 quantitate,
1348 1816 1441 1855 haud
1478 1818 1529 1856 le-

790 1881 828 1919 O
858 1893 882 1918 o
917 1893 938 1928 3
1414 1880 1518 1918 vibus

317 1968 356 2001 (*)
377 1969 471 2014 §talibi
496 1968 582 1997 Fund.
606 1967 707 2004 bem.
732 1976 758 2004 p.
788 1975 842 1996 102
878 1965 902 1998 θ’.
932 1975 982 2000 14.

313 2016 369 2054 (**)
392 2018 502 2049 Stahlius
526 2020 555 2047 in
576 2016 666 2049 Fund.
689 2016 790 2055 Chym.
830 2015 930 2054 capide
954 2014 987 2043 de
1011 2022 1086 2045 auro,
