2020 2668
467 115 557 174 ,Μ
568 110 650 168 DE
670 109 827 166 VERA.
844 101 1789 156 swa⁷1FchcFROCESS.MAMILL.cee.

468 227 696 288 pei-foratam
718 257 730 278 ,
765 236 858 278 quae
899 223 946 264 ad
980 221 1158 275 laquearis
1204 219 1303 262 bafia
1334 219 1379 260 in
1408 218 1539 259 medio
1586 219 1793 274 complen-

467 294 560 340 dam
593 288 808 340 concurrit,
843 286 1076 342 prominet3
1111 285 1213 326 vnde
1245 285 1370 325 euenit
1390 315 1401 335 ,
1434 292 1478 322 vt
1510 282 1689 324 loborum
1731 295 1796 324 ce-

468 357 567 401 rcbn'
600 354 725 408 apices
755 363 905 406 quoque
935 349 1040 404 super
1071 349 1144 391 hac
1177 349 1251 391 basi
1284 349 1323 388 in
1341 348 1523 388 anteriora
1547 348 1763 402 exporrecti
1783 381 1796 400 ,

470 420 593 475 ipsum
624 430 668 458 os
696 414 935 463 cribriforme
973 414 1166 468 obtegant.
1250 412 1375 456 Nerui
1395 456 1398 462 ,
1421 412 1533 467 igitur
1581 412 1717 452 molles
1747 411 1798 453 ad

472 484 568 526 haec
600 482 685 523 loca
719 480 969 534 pertingentes
1001 478 1041 519 in
1075 477 1133 519 his
1160 475 1300 518 cerebri
1320 471 1416 517 [obis
1430 474 1670 516 anterioribus
1687 488 1797 517 com-

354 586 358 593 ,
383 584 386 588 .
435 586 438 592 ,
468 539 639 602 modam
671 543 797 591 sedem
833 543 933 596 nac'ti
967 542 1048 583 sunt
1068 573 1080 592 ‚
1112 543 1150 588 in
1185 547 1264 594 qua·
1286 540 1455 584 molliter
1486 539 1712 592 quiescerent
1730 572 1741 591 ,
1759 549 1799 580 et

431 625 436 643 -.
475 611 596 666 tenuis
631 610 876 650 membranae
909 598 1201 647 interuentu'ab
1236 604 1347 645 omni
1379 613 1554 656 rupturae
1584 614 1689 644 metu
1731 604 1801 645 tuti

476 686 519 722 et
549 675 619 728 soti
653 673 941 726 colligerentur3
975 669 999 710 fi
1032 669 1185 722 quidem
1218 678 1257 709 et
1290 677 1444 722 propter
1477 678 1684 708 neruorum
1719 667 1803 708 bul-

476 741 546 781 bos
579 737 704 779 oualcs
736 735 919 790 singularis
947 733 1094 774 fimeola
1131 733 1228 773 iuter
1257 732 1441 773 anfractus
1471 731 1612 772 cerebri
1632 731 1804 785 vtrinque

478 803 669 857 exsculpta
700 801 768 842 est.
849 801 905 841 At
939 811 1035 838 vero
1079 797 1116 837 in
1153 797 1266 838 brutis
1296 797 1366 838 alia
1399 795 1451 837 est
1483 796 1597 836 cranii
1650 794 1804 836 confor-

479 867 617 924 matio,
682 864 790 907 Nam
823 862 969 903 orbitae
1003 860 1203 903 oculorum
1237 873 1313 901 non
1347 859 1464 915 priori
1483 859 1659 900 caluariae
1685 859 1775 900 loco
1794 890 1806 911 ,

478 932 538 984 sed
558 929 753 971 lateraliter
772 926 914 982 positae
938 925 1015 966 sunt
1034 957 1046 977 ,
1078 934 1118 964 et
1148 924 1302 978 quidem
1338 924 1465 978 paullo
1496 925 1604 964 altius
1622 934 1661 963 et
1681 923 1806 976 poste-

479 996 554 1049 rius
587 1006 702 1048 quam
737 1004 781 1032 os
808 990 1032 1031 ethmoides.
1096 987 1232 1042 Neque
1264 987 1336 1029 offit
1367 985 1530 1028 cribrosa
1560 987 1598 1026 in
1632 986 1705 1027 bast
1732 986 1807 1026 cal-

480 1059 608 1100 variae
641 1055 918 1097 horizontalem
955 1053 1064 1094 (itum
1097 1052 1237 1093 habent
1256 1084 1267 1104 ,
1301 1051 1359 1091 sed
1392 1051 1439 1092 ad
1472 1052 1583 1092 latera
1615 1049 1809 1103 inter-(epti

483 1122 602 1174 medii
634 1119 719 1161 offis
750 1118 883 1172 frontis
915 1117 1067 1170 angusta
1100 1117 1234 1156 cauitas
1272 1114 1370 1155 offea
1419 1126 1525 1155 nares
1556 1114 1677 1154 versus
1717 1125 1811 1167 pro-

483 1176 660 1235 ducitur,
692 1183 798 1223 cuius
827 1181 984 1222 fundum
1018 1178 1188 1233 respectu
1219 1178 1342 1219 baseos
1376 1176 1556 1218 caluariae
1606 1176 1811 1230 perpendi-

483 1248 606 1290 culare
640 1246 881 1288 foraminibus
917 1245 1150 1297 pertunditur
1169 1274 1180 1294 ,
1213 1241 1348 1296 quibus
1378 1251 1430 1281 ex
1448 1240 1568 1281 altero
1584 1242 1732 1281 narium
1758 1239 1814 1281 la·

487 1324 564 1354 tere
596 1310 787 1352 canaliculi
824 1307 1054 1362 cartilaginei
1106 1307 1243 1347 arctmti
1264 1339 1276 1358 ,
1330 1304 1559 1359 pectinatim
1594 1305 1633 1345 in
1674 1303 1813 1345 orbem

488 1375 654 1430 dilpositi
696 1373 929 1427 respondent.
997 1371 1099 1412 Hinc
1146 1371 1316 1411 anterior
1344 1368 1477 1410 frontis
1525 1367 1660 1409 offium
1714 1367 1816 1409 sedes

492 1439 682 1496 principio
715 1450 795 1478 non
828 1439 866 1477 in
898 1435 1016 1476 altum
1051 1434 1220 1485 eminet,
1251 1433 1310 1475 sed
1344 1442 1503 1489 propter
1531 1432 1688 1487 insign&
1717 1431 1817 1473 finus

492 1505 634 1550 lamina
665 1502 779 1543 cranii
815 1501 969 1541 interior
1003 1498 1110 1539 valde
1143 1496 1309 1550 depress‘a
1329 1529 1340 1550 ,
1392 1496 1478 1552 post
1510 1509 1625 1549 quam
1657 1496 1705 1537 ad
1738 1495 1816 1537 fin·-

495 1569 674 1610 mandam
708 1565 849 1606 dietam
883 1564 1088 1604 cauitatcm
1122 1560 1340 1612 concurrit,
1382 1571 1466 1602 tum
1498 1560 1658 1600 demum
1711 1559 1817 1614 paul·

494 1633 603 1679 latim
636 1629 785 1683 assurgit
807 1660 818 1678 ,
853 1639 892 1668 et
925 1625 1155 1680 turgentibus
1185 1624 1331 1665 cerebri
1366 1623 1669 1677 haemisphaeriis
1689 1624 1818 1664 locum

494 1697 684 1738 concedit.
755 1693 916 1746 Propter
948 1691 1043 1732 hanc
1077 1690 1189 1742 igitur
1219 1688 1439 1742 singularem
1479 1687 1617 1729 offium
1667 1687 1819 1728 confor-

498 1760 711 1804 mationem
746 1770 824 1798 non
859 1767 939 1796 tota
971 1754 1111 1795 cerebri
1144 1753 1337 1794 anterioris
1369 1752 1480 1794 massa
1506 1753 1552 1792 ad
1581 1764 1686 1792 nares
1704 1762 1822 1805 vsque

500 1825 678 1878 pertingit
698 1856 709 1874 ‚
741 1822 800 1863 sed
832 1822 877 1862 ad
911 1819 1128 1873 marginem
1161 1818 1332 1858 cauitatis
1363 1816 1700 1870 illssusfiipcriorem
1722 1847 1734 1866 ‚
1762 1826 1821 1855 re-

500 1889 585 1930 tusis
616 1887 780 1941 apicibus
810 1884 958 1925 subsistit
979 1915 990 1933 ,
1022 1893 1060 1923 et
1094 1881 1163 1922 fida
1198 1881 1326 1935 portio
1360 1880 1480 1934 aliqua
1514 1880 1574 1920 sub
1593 1879 1718 1918 habitu
1737 1879 1821 1918 bre-

499 1953 607 1992 vium
643 1949 874 2004 processuum
909 1946 1162 2001 exporrecta,
1201 1946 1402 1986 canitatcm
1448 1944 1554 1984 iilam
1607 1941 1822 1995 adimplet,

498 2027 595 2070 quae
630 2014 791 2055 mollem
824 2023 862 2053 et
895 2012 1136 2052 medullarem
1171 2021 1329 2049 nemum
1361 2007 1564 2048 olsaCtilern
1601 2006 1654 2045 ob
1680 2005 1822 2059 ampli-

498 2082 667 2124 tudinem
700 2076 785 2119 oll'u
815 2076 971 2121 ctibtofi
1001 2077 1042 2118 iu
1074 2071 1320 2117 minutifflma
1351 2071 1414 2114 fila
1439 2069 1640 2126 uispcrsum
1662 2068 1821 2111 substan·

1770 2142 1824 2175 (ΙΙ
