2020 2668
360 114 751 163 PRODVCENDA
781 110 936 160 NOVA
967 110 1338 159 ΤΕΝΤΑΜῙΝΑ.
1420 125 1510 168 ³2³

553 224 847 307 Experim.
891 221 1173 283 XXXXI.

334 351 375 395 Si
408 353 570 407 pondera
588 353 697 394 iet-rea
718 350 761 407 3)
790 351 1072 394 εῐεᾶτίΐιεαηωι·
1086 349 1158 391 fiio
1173 349 1293 392 ferreo
1319 353 1334 402 (
1349 354 1518 404 naa.)

218 418 263 458 ad
298 418 464 471 pondera
496 416 608 456 ferrea
639 415 824 467 adplicato
861 413 1050 455 attrahunt
1096 412 1246 455 lancem
1296 425 1336 455 et
1381 415 1517 456 eadem

220 479 480 533 phaenomena
511 478 752 518 exoriuntur:
784 477 839 518 sed
880 477 1014 518 ceffitnt
1055 476 1171 515 etiam
1224 475 1487 530 phaenomena
1505 508 1518 530 ‚

218 542 285 582 nisi
315 541 440 582 bilanx
469 552 558 581 cum
590 551 749 593 corpore
788 540 1011 581 deriuatiuae
1058 537 1304 580 elestricitatis
1352 539 1521 581 infinitae

219 605 359 644 virtutis
390 603 645 643 connedtatur.

331 726 456 768 Schol.
490 725 642 767 Bilance
672 725 752 768 vsus
783 725 860 767 sum
894 728 1010 768 etiarn
1044 726 1090 767 nd
1123 726 1409 780 ponderandam
1432 728 1520 769 vim*

217 789 461 830 eledsticitatis
492 789 726 830 elec‘fficitate
756 790 861 829 enim
895 789 1038 831 summa
1057 821 1070 841 ,
1098 802 1207 842 quam
1239 801 1323 830 mea
1364 789 1517 842 sphaera

215 853 378 891 excitare
409 853 517 905 potui
547 852 686 893 eleuaui
717 851 939 893 drachmam
972 864 1086 892 vnam
1123 864 1209 892 cum
1250 852 1404 892 dimidia
1443 864 1514 907 pet

214 913 307 954 duos
337 914 413 967 dig.
444 914 568 956 Lond.
602 914 660 955 sed
692 915 740 955 de
770 915 1040 968 experimentis
1070 913 1155 967 ipsis
1185 914 1446 968 imposterum.

544 1036 834 1116 Experim.
868 1016 1173 1094 XXXXII.

330 1171 365 1219 §.
391 1183 458 1221 14.
492 1168 531 1211 Si
565 1169 690 1210 homo
720 1168 978 1210 electrificatus
1009 1169 1117 1209 distat
1146 1169 1193 1210 ab
1227 1169 1349 1211 indice
1396 1170 1514 1214 ferme

212 1244 254 1282 3.
288 1234 397 1285 pedes
428 1232 705 1282 Londinenses‚
738 1232 853 1272 index
884 1230 1139 1273 eleetrificatus
1166 1232 1260 1285 fugit
1276 1232 1478 1275 hominem
1497 1267 1510 1287 ‚

209 1296 235 1335 si
268 1295 390 1335 homo
423 1295 601 1337 distribuit
640 1294 918 1335 electricitatem
962 1306 1031 1347 per
1085 1306 1245 1347 corpora
1291 1295 1509 1337 deriuatiuae

210 1357 457 1398 eleetricitatis
493 1357 660 1396 infinitae
691 1356 857 1409 virtutis,
890 1356 1006 1397 index
1030 1355 1289 1399 eled'trificatus
1305 1359 1445 1400 accedit
1461 1359 1509 1401 ad

207 1419 405 1460 hominem
438 1420 639 1474 paululum

321 1542 448 1584 Schol.
483 1542 549 1584 Ne
582 1556 673 1596 ergo
713 1542 877 1584 turbetur
925 1543 1041 1626 index
1072 1543 1118 1627 ad
1149 1543 1225 1586 hoc
1271 1543 1508 1629 phaenome-

210 1619 285 1647 non
318 1607 584 1647 attendendum
617 1606 681 1646 est.
796 1619 799 1621 ’

518 1728 809 1806 Experim.
856 1726 1182 1788 XXXXIII.

319 1860 358 1902 Si
391 1862 551 1902 laminae
585 1861 718 1902 ferreae
754 1861 796 1918 3)
828 1862 992 1902 tabulam
1023 1861 1181 1916 ligneam
1211 1863 1378 1905 craffitiei
1418 1867 1505 1919 pol-

207 1925 283 1964 licis
316 1924 559 1976 imponebam
594 1935 631 1964 et
665 1927 945 1965 electricitatem
979 1925 1018 1964 in
1049 1937 1136 1966 eam
1168 1926 1379 1967 deriuabam
1412 1929 1502 1968 lanx

207 1988 320 2026 etiam
371 1987 617 2026 attrahebatur
658 2000 708 2028 ex
747 1988 913 2028 distantia
962 1988 1121 2027 duorum
1174 1988 1408 2042 digitorum,
1441 1991 1500 2031 sed

207 2049 272 2088 lux
304 2051 436 2100 absque
465 2048 555 2090 sono
589 2051 771 2091 oriebatur
812 2060 983 2102 tantum,
1019 2049 1165 2102 infignis
1204 2060 1333 2092 tamen
1383 2053 1500 2105 splen·

758 2112 784 2154 S
817 2125 832 2151 s
870 2124 892 2149 2
1368 2115 1496 2156 doris„
