2020 2668
419 84 503 126 DE
535 82 836 129 TINCTVRIS
867 81 1211 127 METALLORV
1210 81 1278 127 M.
1441 97 1528 138 297

233 199 424 241 tallorum.
490 198 630 238 Verum
664 196 813 249 gemina
843 205 881 235 et
909 195 1043 237 sincera
1075 195 1164 236 haec
1197 194 1436 236 metallorum
1456 199 1531 237 mi—

234 263 371 302 scibilia
404 260 596 315 separatim
631 259 700 300 sisti
742 260 842 312 poffe
875 271 949 298 non
980 259 1087 304 facile
1106 258 1331 299 credendum
1349 259 1527 309 est,cum

234 326 281 366 ad
312 337 353 365 ea
387 324 558 365 elicienda
591 323 698 363 salina
737 331 775 361 ct
816 319 963 361 sulfurea
1009 332 1170 375 corpora
1214 320 1530 374 praescribantur3

235 401 328 442 quae
358 385 444 426 licet
475 386 635 440 specioso
667 384 824 424 nominc
861 385 1107 437 aperientium
1158 384 1374 424 obuelantur
1392 416 1402 435 ,
1451 396 1529 425 non

234 459 361 490 tamen
391 446 553 503 suspicari
583 461 658 488 non
692 444 886 500 possumus
904 479 914 498 ,
948 448 1035 500 quin
1067 447 1220 497 eadem,
1251 458 1343 499 quae
1362 447 1407 486 ad
1442 458 1528 486 me-

233 513 316 552 talla
349 512 542 566 aperienda
573 511 820 561 adhibentur,
860 521 948 550 cum
981 510 1110 549 mixtis
1161 509 1394 549 metallorum
1447 522 1534 550 cor·

234 575 385 627 pusculis
414 575 628 615 combinata
648 605 658 625 ,
692 571 829 626 saepius
846 603 857 624 ‚
890 573 918 613 fi
949 584 1025 612 non
1055 571 1228 627 semper,
1263 584 1334 626 pro
1365 572 1531 626 quaesitis

233 639 480 678 vendsstentur.
1445 641 1448 644 ’

349 696 385 743 §.
410 712 479 749 27.
515 700 649 741 Finem
681 698 801 738 verbis
832 698 1042 751 imposituri
1074 710 1152 738 non
1182 697 1308 738 inutile
1358 698 1440 739 fore
1472 711 1532 740 ar·

235 763 411 804 bittamur
431 795 441 814 ‚
478 763 504 804 si
539 761 767 814 analogicum
797 761 951 813 aliquam
983 760 1236 801 conjecturam
1275 761 1323 801 de
1358 762 1534 802 metallo-

233 839 317 866 rum
352 826 659 867 transmutatione
690 825 905 864 adiiciamus
924 856 935 875 ‚
966 835 1079 876 quam
1113 836 1134 863 a
1167 823 1426 863 trasmutandis
1464 836 1532 864 eo-

235 902 317 928 rum
352 889 517 929 tincturis
536 921 546 940 ‚
595 889 642 928 de
673 886 801 940 quibus
850 898 946 927 nunc
993 886 1136 939 egimus
1152 916 1164 937 ‚
1214 884 1397 938 proficisci
1429 884 1535 940 posse

231 951 495 992 existimamus.

347 1014 382 1063 ς.
404 1020 476 1055 28.
513 1013 588 1069 Qui
620 1021 741 1052 artem
774 1011 992 1066 spagiricam
1032 1011 1094 1052 vel
1126 1024 1147 1053 a
1178 1011 1310 1052 limine
1356 1009 1532 1053 salutaue-

233 1087 317 1117 runt
338 1109 348 1128 ,
379 1077 474 1117 haud
506 1077 583 1116 iarn
614 1078 781 1129 ignorant
802 1107 813 1125 ,
846 1075 949 1115 acida
980 1074 1158 1115 debiliora
1191 1086 1242 1114 ex
1274 1074 1431 1114 alcalinis
1462 1086 1532 1128 per

234 1138 386 1180 fortiora
417 1138 556 1192 expelli
587 1149 625 1178 et
643 1137 737 1191 quasi
754 1137 1001 1191 praecipitari.
1067 1136 1129 1178 Sic
1160 1146 1308 1178 acetum
1328 1136 1438 1177 affuso
1464 1137 1535 1190 spi-

236 1203 307 1242 ritu
357 1203 432 1243 salis
462 1215 515 1242 ex
547 1201 727 1241 c1neribus
783 1200 979 1241 clauellatis
1028 1200 1264 1253 extruditur3
1314 1199 1391 1252 ipse
1439 1211 1533 1240 vero

237 1264 375 1306 nitroso
406 1264 545 1317 spiritui
577 1264 701 1304 locum
734 1264 862 1313 cedit,
896 1274 963 1315 per
1019 1263 1211 1303 acidorum
1263 1261 1496 1302 sortiffimum
1517 1294 1529 1314 ‚

234 1329 332 1382 quod
399 1327 567 1367 sulfreum
624 1326 675 1366 est
699 1357 710 1376 ‚
775 1324 1010 1377 expellendo.
1128 1324 1294 1364 Acidum
1360 1324 1528 1364 sulfreum

234 1390 407 1430 omnium
437 1389 665 1443 purissimum
685 1398 721 1427 et
754 1388 799 1428 ab
817 1387 1074 1439 heterogeneis
1107 1387 1265 1440 partibus
1295 1384 1532 1427 defaecatissi-

236 1466 343 1493 mum
377 1453 446 1492 effe
479 1466 499 1492 a
531 1450 726 1502 Chymicis
759 1450 945 1490 censetur:
999 1462 1086 1489 nam
1139 1448 1278 1489 nitroso
1320 1449 1459 1502 spiritui
1492 1450 1530 1488 in

235 1516 464 1555 flamm-abile
485 1548 495 1566 ,
528 1514 638 1554 salino
670 1524 793 1553 autem
827 1511 1016 1552 arsenicale
1065 1512 1199 1565 aliquid
1240 1512 1278 1550 in
1310 1511 1379 1551 esse
1428 1510 1531 1551 affir-

236 1588 373 1631 mant3
422 1589 570 1617 acetum
601 1584 885 1629 empyreumate
935 1575 1166 1626 inquinatum
1214 1573 1287 1613 esse
1335 1573 1531 1613 destillatio

234 1641 309 1680 eius
342 1653 392 1680 ex
423 1653 530 1679 arena
563 1641 699 1691 prodit.
766 1638 907 1693 Quibus
966 1637 1108 1690 singulis
1157 1637 1282 1677 acidae
1332 1636 1531 1688 particulae

236 1703 353 1755 magis
383 1703 572 1755 magisque
606 1701 840 1742 debilitantur
859 1733 870 1751 ,
901 1699 1088 1752 minusque
1119 1709 1227 1751 aptae
1260 1698 1459 1738 redduntur
1484 1700 1530 1740 ad

234 1765 357 1804 alcalia
390 1765 546 1804 firmiter
578 1765 643 1805 fibi
676 1763 917 1816 adiungenda.
979 1763 1069 1817 Quo
1101 1774 1187 1801 cum
1220 1763 1335 1800 etiam
1375 1763 1532 1814 grauitas

236 1839 368 1867 eorum
413 1827 577 1879 specifica
628 1827 829 1866 conuenit:
879 1825 1020 1864 etenim
1070 1822 1210 1876 spiritus
1255 1824 1378 1864 acidus
1427 1824 1533 1865 sulfii-

234 1891 284 1929 ris
317 1903 390 1944 quo
422 1891 692 1929 concentmtior
723 1889 774 1928 est
796 1919 807 1937 ‚
845 1900 892 1927 eo
924 1889 1037 1927 etiam
1067 1885 1235 1938 specifice
1262 1887 1409 1938 >grauior
1429 1902 1439 1939 ·,
1459 1900 1531 1927 vn-

238 1953 284 1991 de
317 1963 419 2006 patet
439 1984 449 2003 ,
482 1953 700 2004 grauitatem
733 1950 922 2003 spirituum
957 1950 1003 1989 ab
1034 1949 1143 1989 acidis
1176 1948 1362 2002 particulis
1393 1952 1529 2003 augeri.

242 2014 338 2066 Hinc
387 2026 531 2068 quoque
581 2013 724 2067 spiritus
770 2013 864 2055 acidi
889 2045 899 2064 ,
945 2024 1019 2067 quo
1050 2011 1220 2054 fortiores
1260 2011 1338 2054 sunt
1370 2021 1409 2053 et
1438 2025 1527 2052 cum

298 2078 396 2118 Tom.
432 2077 556 2119 XIV.
856 2076 884 2117 P
917 2089 944 2130 p
1423 2074 1531 2115 alcali
