2020 2668
243 52 559 126 mammii
574 76 914 124 DIFFERENT:
932 79 1305 128 RATIONALES.
1390 99 1412 129 1
1422 101 1478 141 19

174 199 326 253 integris
359 198 398 239 in
430 197 609 240 fractione
639 187 667 254 ξ
699 200 880 241 contentis
906 202 1072 243 oriuntur
1087 234 1098 255 ‚
1134 213 1216 245 tum
1249 217 1301 246 ex
1332 205 1477 260 singulis

174 261 370 302 &fioribus
386 262 674 303 denominatoris
703 262 760 303 N.
823 263 905 304 Eae
936 265 1085 318 quidem
1120 267 1308 320 integralis
1337 279 1474 325 partes,

175 347 267 388 quae
299 348 349 375 ex
366 335 563 389 quantitate
596 335 737 388 integra
770 337 808 375 in
841 336 1018 378 fractione
1049 325 1077 391 ξ’
1116 348 1289 382 contenta
1321 342 1470 384 nascun-

173 406 244 449 tur,
277 397 358 438 sunt
375 406 557 450 perpetuo
586 399 803 450 quantitates
833 399 1089 455 algebraicae3
1122 402 1203 442 illae
1230 414 1354 444 autem
1373 419 1470 459 quae

171 471 223 499 ex
264 460 462 500 finitoribus
500 459 720 512 simplicibus
759 462 1051 503 denominatoris
1088 464 1133 505 N
1163 465 1468 521 proficiscuntur,

171 521 251 562 sunt
279 523 497 576 quantitates
527 522 803 575 logarithmicae
821 555 832 573 ‚
863 537 950 565 cum
983 526 1111 578 quibus
1141 528 1256 568 etiam
1289 530 1470 583 algebrai-

169 595 235 625 cae
266 586 563 638 coniunguntur,
605 584 632 624 fi
667 586 824 638 potestas
862 588 1067 642 cuiuspiam
1109 589 1258 630 fastoris
1289 593 1469 647 fimplicis

169 646 209 686 in
241 648 522 688 denominatore
555 646 597 688 N
630 649 892 704 contineatur3
927 650 1071 703 hocque
1102 652 1182 692 casti
1214 653 1362 695 subinde
1381 669 1468 697 eue-

168 709 250 749 nire
282 710 404 763 potest
422 742 432 760 ‚
464 718 507 749 vt
539 709 576 749 in
607 708 775 762 integrali
808 724 890 763 pars
921 712 1179 764 logarithmica
1210 717 1356 768 penitus
1380 731 1466 760 eua-

167 772 309 823 nescat,
340 771 506 823 solaeque
538 772 752 823 quantitates
781 772 1009 824 algebraicae
1038 774 1244 827 superstites
1275 790 1466 822 maneant.

163 833 278 889 Quod
310 833 336 873 fi
376 834 485 886 igitur
525 832 789 872 denominator
829 834 874 875 N
914 847 1049 875 omnes
1087 835 1243 878 faetores
1275 839 1465 894 simplices

161 897 294 945 habeat
333 905 470 955 reales,
519 913 600 944 tum
647 903 823 956 integrale
869 904 1052 946 formulae
1092 905 1343 950 differentialis
1375 897 1463 966 {¹5⁶¹AE

159 967 228 1008 nisi
260 967 311 1007 est
343 968 521 1020 quantitas
551 965 755 1018 algebraica
772 998 782 1018 ,
814 979 882 1020 per
912 968 1162 1021 logarithmos
1192 969 1360 1013 exhiberi
1392 986 1466 1027 po-

157 1029 237 1070 test.
302 1028 369 1070 Sin
399 1037 527 1070 autem
560 1030 599 1068 in
629 1029 916 1070 denominatore
961 1031 1003 1071 N
1053 1031 1303 1074 contineantur
1341 1034 1462 1078 facto-

156 1103 215 1132 res
243 1092 424 1145 simplices
463 1092 700 1143 imaginarii,
740 1100 822 1132 tum
855 1093 1006 1146 quidem
1045 1105 1114 1147 per
1145 1094 1371 1139 methodum
1403 1101 1459 1141 in·

158 1155 326 1207 tegrandi
364 1154 425 1194 hic
463 1154 672 1205 expositam
714 1155 963 1206 perueniretur
1002 1157 1048 1196 ad
1080 1156 1331 1208 logarithmos
1359 1162 1457 1202 ima·

158 1216 346 1268 ginarios,
379 1227 471 1268 quos
502 1225 626 1254 autem
651 1244 663 1262 ‚
703 1215 883 1268 siquidem
917 1219 1156 1269 quantitatem
1190 1219 1332 1260 realem
1365 1235 1456 1275 prae

157 1277 191 1317 se
221 1277 359 1327 ferant,
402 1278 448 1317 ad
480 1289 581 1317 arcus
612 1278 802 1317 circulares
833 1279 953 1318 reduci
985 1280 1082 1331 poste
1114 1280 1267 1321 constat.
1332 1281 1453 1338 Supra

156 1349 282 1380 autem
324 1341 401 1379 iam
444 1339 742 1390 obseruauimus‚
788 1340 815 1379 fi
852 1341 1110 1380 denominator
1142 1341 1183 1380 N
1234 1343 1371 1385 habeat
1398 1347 1453 1387 fa-

154 1402 272 1443 <stores
288 1401 468 1454 simplices
493 1401 750 1453 imaginarios,
784 1410 867 1442 tum
902 1414 1034 1442 eorum
1070 1415 1268 1444 numerum
1302 1407 1453 1460 semper

153 1464 223 1504 effe
251 1476 382 1517 parem
402 1495 414 1515 ‚
455 1473 564 1516 atque
594 1475 643 1502 ex
676 1463 720 1502 iis
751 1462 858 1504 binos
888 1464 1031 1517 semper
1063 1466 1115 1505 ita
1148 1466 1218 1506 efle
1251 1480 1448 1523 compara-

150 1535 227 1578 tos,
261 1535 306 1566 vt
337 1537 468 1565 eorum
502 1525 728 1578 productum
759 1524 824 1566 fiat
857 1527 1043 1579 expressio
1074 1527 1189 1568 realis.
1242 1530 1349 1572 Hanc
1381 1534 1451 1574 ob-

148 1600 229 1629 rem
263 1588 350 1628 loco
383 1587 565 1627 fanorum
600 1587 825 1639 simplicium
860 1589 1164 1642 imaginariorum
1198 1591 1350 1634 formari
1379 1608 1451 1649 po·

149 1659 271 1691 terunt
312 1650 464 1690 {lictores
501 1650 730 1689 trinomiales
767 1651 875 1690 reales
894 1683 904 1702 ,
954 1665 1112 1704 quorum
1161 1665 1339 1695 numerus
1377 1658 1450 1698 erit

148 1713 264 1766 duplo
297 1714 425 1754 minor
442 1744 453 1762 ,
487 1724 535 1750 ex
569 1711 695 1764 hisque
728 1712 925 1753 fadroribus
955 1715 1183 1766 peruenietur
1216 1717 1259 1756 ad
1291 1718 1450 1773 integra-

146 1774 186 1815 lis
217 1785 336 1830 partes
367 1787 387 1814 a
420 1774 631 1827 quadratura
664 1775 787 1815 circuli
819 1776 1030 1827 pendentes.

264 1839 298 1886 §-
322 1849 391 1875 22.
433 1837 673 1888 Praecipuum
707 1838 819 1889 igitur
858 1838 1049 1890 negotium
1070 1869 1081 1888 ,
1123 1839 1148 1880 fi
1178 1841 1446 1885 denominator

145 1900 187 1942 N
220 1900 353 1940 habeat
382 1899 536 1938 flietores
567 1898 748 1950 simplices
779 1900 1033 1952 imaginarios,
1065 1901 1103 1941 in
1136 1902 1209 1943 hoc
1240 1905 1447 1959 verfiibitur,

144 1973 188 2005 vt
219 1963 325 2018 ipsius
364 1961 659 2003 denomiiiatoris
702 1961 743 2002 N
783 1961 941 2003 fiie'tores
972 1964 1196 2006 trinomiales
1234 1968 1347 2008 reales
1376 1981 1446 2010 ex-

1252 2028 1444 2073 hibeantur
