2020 2668
536 92 632 145 346
819 86 1114 134 GALERIAE
1145 86 1430 134 VALERIAE
1462 88 1598 135 AVG.

537 214 585 245 vt
618 205 684 258 ipsi
717 215 851 244 omnes
881 202 933 245 illi
968 203 1074 244 numi
1108 215 1196 243 cum
1229 201 1366 243 Latina
1414 202 1620 256 epigraphe
1661 210 1700 243 et
1731 200 1861 242 Venu-

540 269 590 308 ris
622 268 789 308 victricis
821 277 918 320 typo
952 268 1210 307 tribuerentur.
1280 266 1385 306 Haec
1420 279 1508 306 cum
1545 266 1684 306 marito
1728 263 1863 306 Caesa.-

541 343 582 370 re
616 344 682 383 per
715 329 832 371 xm.
869 341 989 370 annos
1029 331 1152 370 vixit:
1205 329 1335 382 quibus
1384 341 1467 369 eam
1515 328 1699 382 Augustae
1751 328 1861 369 titulo

540 392 646 433 vlam
683 392 781 433 finisse
802 426 813 445 ,
847 405 963 446 quum
997 393 1139 433 coniux
1172 390 1333 433 Caesaris
1367 391 1619 446 appellatione
1669 401 1862 432 contentus

537 455 627 495 esset
647 487 659 507 ,
689 468 781 496 vero
815 455 934 497 fimile
969 468 1046 496 non
1081 456 1241 496 videtur.
1312 456 1458 511 Quibus
1490 466 1613 496 autem
1666 453 1727 494 sex
1759 455 1863 495 annis

539 519 604 560 ille
640 519 825 573 Augustus
857 519 923 559 fiat
943 551 954 570 ,
988 520 1026 559 in
1057 520 1296 560 orientalibus
1315 519 1512 572 prouinciis
1530 518 1711 559 vestatum
1738 516 1861 572 ipsum

540 583 712 622 maxime
745 582 981 622 inuenimus:
1017 582 1117 622 vnde
1155 595 1232 622 non
1267 582 1339 622 fine
1374 582 1462 622 iusta
1496 583 1639 622 ratione
1671 581 1863 622 existima-

542 657 626 686 mus
645 678 656 696 ,
675 658 754 686 non
774 645 842 685 nisi
874 656 1011 698 paucos
1042 645 1089 685 ad
1121 657 1188 685 nos
1220 654 1418 698 penetrare
1447 644 1603 697 potuisse
1623 656 1758 684 numos
1777 645 1861 686 Au·-

540 709 663 762 guFa:
695 709 828 760 huius,
865 708 890 748 fi
924 720 1018 762 quos
1049 709 1212 748 omnino
1243 708 1556 762 procudendosiu
1581 708 1769 749 henorcm
1787 708 1863 748 eius

540 772 710 826 Augufu
755 772 948 812 curauerit.

659 837 700 876 Si
733 835 833 876 mihi
869 834 979 876 venia
1013 836 1121 877 detur
1153 835 1377 887 liberrime,
1411 836 1509 890 qnod
1543 835 1688 887 sentio,
1719 847 1862 889 expro*

543 900 704 949 mendi,
738 899 879 949 fateor,
913 898 1019 938 milii.
1063 900 1114 940 ob
1148 900 1270 939 modo
1302 900 1418 940 dicta»
1451 901 1622 940 rationes-
1666 899 1861 952 probabile

541 962 695 1010 videri,
746 963 847 1014 quod
882 961 921 1000 hi
952 974 1088 1001 omnes
1138 963 1241 1001 numi
1277 963 1400 1014 potius
1432 964 1477 1002 ad
1516 963 1616 1002 illam
1667 959 1860 1003 Galeriam

543 1023 732 1064 Valeriam
755 1055 766 1075 ‚
800 1035 891 1077 quae
923 1024 1095 1064 Herculei
1128 1025 1269 1063 coniux
1300 1024 1365 1064 suit
1388 1056 1398 1074 ‚
1434 1024 1609 1064 referendi
1630 1024 1698 1064 sint
1718 1036 1860 1078 ,quatu

543 1088 590 1127 ad
623 1087 778 1126 alteiam
800 1116 810 1135 ,
847 1098 939 1139 quae
971 1085 1200 1126 Diocletiani
1235 1087 1399 1140 Augusti.
1425 1098 1502 1127 emt
1537 1087 1624 1127 filia.
1691 1087 1744 1127 Vt
1767 1100 1862 1128 vero

543 1149 582 1189 id
619 1159 725 1189 tanto
772 1149 1020 1188 confidentius
1071 1147 1236 1200 fiiciam,
1291 1151 1450 1202 liippetit
1501 1151 1597 1189 ratio
1646 1150 1861 1203 singularis,

543 1224 656 1265 quam
689 1224 732 1252 ea
765 1212 980 1251 conditione
1013 1211 1211 1251 edisseram
1232 1244 1242 1262 ,
1277 1222 1318 1250 rt
1338 1211 1487 1252 lectoris
1506 1213 1797 1266 ,antiquitatum
1824 1223 1863 1254 et

543 1275 777 1316 historiarum
813 1275 949 1328 periti,
983 1275 1123 1314 iudicio
1157 1274 1326 1327 permista
1346 1275 1407 1315 sit..

661 1339 910 1394 Quantopere
952 1338 987 1378 is·
1014 1337 1297 1388 Maximianus,
1346 1340 1404 1391 qui
1438 1338 1665 1379 Diocletiani
1711 1339 1859 1394 collega

544 1402 641 1455 fluit,
674 1401 879 1442 Herculem
915 1401 1119 1442 aemulatus
1152 1401 1222 1451 sit,
1258 1402 1319 1441 vel
1353 1414 1542 1455 agnomen
1579 1402 1755 1443 Herculei
1791 1405 1856 1444 do-

543 1476 633 1506 cet:
671 1466 790 1518 magis
824 1475 950 1504 autem
987 1464 1217 1504 confirmant
1252 1475 1310 1504 tot
1353 1466 1606 1514 numismata,
1659 1467 1696 1505 in
1732 1467 1862 1519 quibus

544 1526 833 1570 HERCVLES
868 1525 1286 1570 CONSERVATOR
1310 1560 1319 1577 ,
1367 1527 1661 1580 lNVlC‘l'VS,
1712 1529 1861 1571 FACI-

545 1592 649 1634 FER
672 1625 682 1643 ,
714 1589 921 1633 VICTOR
958 1592 1192 1641 celebratur,
1228 1592 1285 1631 vel
1323 1592 1433 1631 virtus
1482 1592 1638 1645 Augusti
1691 1593 1864 1635 Herculis

545 1657 656 1696 variis
688 1654 878 1695 laboribus
909 1656 1079 1707 occupati
1116 1666 1213 1707 typo
1253 1655 1500 1695 adumbratur.
1583 1657 1689 1711 Quae
1740 1671 1858 1710 quum

546 1721 595 1759 ita
629 1718 730 1767 sint,
783 1720 861 1771 quis
895 1730 969 1757 non
1006 1731 1097 1757 vero
1134 1728 1237 1770 putet
1294 1718 1561 1770 simillimum,
1596 1721 1630 1758 in
1666 1721 1724 1762 illa
1746 1721 1825 1761 aula
1847 1754 1858 1771 ‚

545 1795 638 1836 quae
673 1782 879 1835 principem
914 1781 1073 1821 habebat
1105 1792 1249 1833 praeter
1282 1782 1440 1833 reliquos
1471 1783 1560 1822 deos
1594 1782 1740 1825 llerculi
1795 1785 1860 1824 ad·—

544 1844 817 1894 dictamnum,
872 1846 974 1898 plura
1025 1844 1123 1884 fuin'c
1157 1845 1202 1884 sic
1238 1856 1486 1897 comparata,
1538 1855 1579 1885 vt
1632 1846 1864 1888 Herculcum>

545 1910 629 1961 quid
665 1908 883 1948 redolerent.
923 1908 1011 1948 Non
1047 1909 1166 1960 itaque
1202 1908 1414 1948 mirandum
1450 1909 1501 1948 cll
1524 1941 1534 1959 ,
1572 1909 1594 1949 si
1616 1909 1755 1950 (eruitia
1776 1912 1855 1950 Λιι-

547 1972 634 2024 gusti
673 1971 903 2023 Augustaeuc
925 1972 1168 2024 cogitationes
1186 1984 1233 2010 eo
1251 1973 1521 2011 contenderunt
1543 2004 1553 2022 ,
1587 1982 1627 2010 vt
1664 1987 1705 2013 ea
1728 2007 1739 2023 ,
1763 1971 1859 2026 Quae

545 2036 590 2075 ad
624 2035 766 2074 cultum
801 2035 969 2088 corporis
1001 2047 1132 2075 corum
1165 2033 1314 2075 efficere
1345 2034 1525 2075 debebant
1546 2068 1556 2088 ‚
1600 2040 1776 2089 proxime
1811 2037 1866 2078 ad.

1713 2101 1808 2143 llere
1814 2113 1856 2141 u-
