<?xml version="1.0" encoding="UTF-8"?>
<!DOCTYPE html PUBLIC "-//W3C//DTD XHTML 1.0 Transitional//EN"
    "http://www.w3.org/TR/xhtml1/DTD/xhtml1-transitional.dtd">
<html xmlns="http://www.w3.org/1999/xhtml" xml:lang="en" lang="en">
 <head>
  <title>
</title>
<meta http-equiv="Content-Type" content="text/html;charset=utf-8" />
  <meta name='ocr-system' content='tesseract 3.04.00' />
  <meta name='ocr-capabilities' content='ocr_page ocr_carea ocr_par ocr_line ocrx_word'/>
</head>
<body>
  <div class='ocr_page' id='page_1' title='image "./commentariiacade14impe_0367.png"; bbox 0 0 2020 2668; ppageno 0'>
   <div class='ocr_carea' id='block_1_1' title="bbox 460 112 1524 168">
    <p class='ocr_par' dir='ltr' id='par_1_1' title="bbox 460 112 1524 168">
     <span class='ocr_line' id='line_1_1' title="bbox 460 112 1524 168; baseline 0.009 -11"><span class='ocrx_word' id='word_1_1' title='bbox 460 112 812 163; x_wconf 84' lang='lat' dir='ltr'><em>PTOLEMAEO</em></span> <span class='ocrx_word' id='word_1_2' title='bbox 845 112 1197 159; x_wconf 88' lang='lat' dir='ltr'><strong><em>INSCRIPTVS.</em></strong></span> <span class='ocrx_word' id='word_1_3' title='bbox 1429 128 1524 168; x_wconf 79' lang='lat'>359</span> 
     </span>
    </p>
   </div>
   <div class='ocr_carea' id='block_1_2' title="bbox 175 226 1519 2042">
    <p class='ocr_par' dir='ltr' id='par_1_2' title="bbox 197 226 1519 597">
     <span class='ocr_line' id='line_1_2' title="bbox 328 226 1518 283; baseline -0.003 -12"><span class='ocrx_word' id='word_1_4' title='bbox 328 226 475 271; x_wconf 83' lang='lat' dir='ltr'>Scilicet</span> <span class='ocrx_word' id='word_1_5' title='bbox 506 229 545 269; x_wconf 90' lang='lat' dir='ltr'>in</span> <span class='ocrx_word' id='word_1_6' title='bbox 578 226 711 283; x_wconf 90' lang='lat' dir='ltr'>Cypro</span> <span class='ocrx_word' id='word_1_7' title='bbox 744 242 802 270; x_wconf 79' lang='lat' dir='ltr'>aes</span> <span class='ocrx_word' id='word_1_8' title='bbox 834 230 965 270; x_wconf 79' lang='lat' dir='ltr'>fofl‘um</span> <span class='ocrx_word' id='word_1_9' title='bbox 1000 236 1038 268; x_wconf 89' lang='lat' dir='ltr'>et</span> <span class='ocrx_word' id='word_1_10' title='bbox 1086 227 1291 269; x_wconf 65' lang='lat' dir='ltr'>excostum</span> <span class='ocrx_word' id='word_1_11' title='bbox 1338 227 1518 281; x_wconf 87' lang='lat' dir='ltr'>videtur,</span> 
     </span>
     <span class='ocr_line' id='line_1_3' title="bbox 212 291 1519 346; baseline -0.002 -12"><span class='ocrx_word' id='word_1_12' title='bbox 212 292 345 335; x_wconf 87' lang='lat' dir='ltr'>Rhodi</span> <span class='ocrx_word' id='word_1_13' title='bbox 376 302 502 333; x_wconf 81' lang='lat' dir='ltr'>autem</span> <span class='ocrx_word' id='word_1_14' title='bbox 535 292 633 332; x_wconf 72' lang='lat' dir='ltr'>fiiiffe</span> <span class='ocrx_word' id='word_1_15' title='bbox 683 293 844 333; x_wconf 81' lang='lat' dir='ltr'>artifices</span> <span class='ocrx_word' id='word_1_16' title='bbox 863 325 873 344; x_wconf 84' lang='lat'>,</span> <span class='ocrx_word' id='word_1_17' title='bbox 923 293 986 346; x_wconf 83' lang='lat' dir='ltr'>qui</span> <span class='ocrx_word' id='word_1_18' title='bbox 1019 303 1070 331; x_wconf 75' lang='lat' dir='ltr'>ex</span> <span class='ocrx_word' id='word_1_19' title='bbox 1100 291 1196 331; x_wconf 85' lang='lat' dir='ltr'>ferro</span> <span class='ocrx_word' id='word_1_20' title='bbox 1230 300 1269 331; x_wconf 93' lang='lat' dir='ltr'>et</span> <span class='ocrx_word' id='word_1_21' title='bbox 1300 303 1384 331; x_wconf 83' lang='lat' dir='ltr'>aere</span> <span class='ocrx_word' id='word_1_22' title='bbox 1416 293 1519 332; x_wconf 83' lang='lat' dir='ltr'>varia</span> 
     </span>
     <span class='ocr_line' id='line_1_4' title="bbox 209 353 1517 408; baseline -0.001 -12"><span class='ocrx_word' id='word_1_23' title='bbox 209 357 255 396; x_wconf 78' lang='lat' dir='ltr'>ad</span> <span class='ocrx_word' id='word_1_24' title='bbox 290 356 392 395; x_wconf 86' lang='lat' dir='ltr'>vsum</span> <span class='ocrx_word' id='word_1_25' title='bbox 426 365 607 408; x_wconf 82' lang='lat' dir='ltr'>pararent.</span> <span class='ocrx_word' id='word_1_26' title='bbox 672 354 731 394; x_wconf 87' lang='lat' dir='ltr'>Sic</span> <span class='ocrx_word' id='word_1_27' title='bbox 766 355 1021 407; x_wconf 83' lang='lat' dir='ltr'>Norimberga</span> <span class='ocrx_word' id='word_1_28' title='bbox 1056 354 1240 407; x_wconf 87' lang='lat' dir='ltr'>plurimos</span> <span class='ocrx_word' id='word_1_29' title='bbox 1269 353 1382 394; x_wconf 84' lang='lat' dir='ltr'>habet</span> <span class='ocrx_word' id='word_1_30' title='bbox 1419 355 1517 395; x_wconf 81' lang='lat' dir='ltr'>ciues</span> 
     </span>
     <span class='ocr_line' id='line_1_5' title="bbox 197 413 1515 474; baseline 0 -15"><span class='ocrx_word' id='word_1_31' title='bbox 197 415 505 474; x_wconf 56' lang='grc' dir='ltr'>ἐργαζομένους</span> <span class='ocrx_word' id='word_1_32' title='bbox 533 413 723 472; x_wconf 73' lang='grc' dir='ltr'>χαλκὲνε</span> <span class='ocrx_word' id='word_1_33' title='bbox 758 418 815 459; x_wconf 89' lang='lat' dir='ltr'>sed</span> <span class='ocrx_word' id='word_1_34' title='bbox 850 427 1048 471; x_wconf 83' lang='lat' dir='ltr'>propterea</span> <span class='ocrx_word' id='word_1_35' title='bbox 1081 417 1222 457; x_wconf 83' lang='lat' dir='ltr'>nullam</span> <span class='ocrx_word' id='word_1_36' title='bbox 1254 416 1390 456; x_wconf 88' lang='lat' dir='ltr'>libram</span> <span class='ocrx_word' id='word_1_37' title='bbox 1421 418 1515 459; x_wconf 86' lang='lat' dir='ltr'>aeris</span> 
     </span>
     <span class='ocr_line' id='line_1_6' title="bbox 206 480 1511 534; baseline 0.001 -14"><span class='ocrx_word' id='word_1_38' title='bbox 206 481 246 521; x_wconf 85' lang='lat' dir='ltr'>in</span> <span class='ocrx_word' id='word_1_39' title='bbox 278 482 334 522; x_wconf 74' lang='lat' dir='ltr'>iiia</span> <span class='ocrx_word' id='word_1_40' title='bbox 367 481 435 534; x_wconf 83' lang='lat' dir='ltr'>ipfi</span> <span class='ocrx_word' id='word_1_41' title='bbox 468 481 619 532; x_wconf 83' lang='lat' dir='ltr'><strong>regione</strong></span> <span class='ocrx_word' id='word_1_42' title='bbox 651 480 862 532; x_wconf 86' lang='lat' dir='ltr'>effodiunt,</span> <span class='ocrx_word' id='word_1_43' title='bbox 897 494 918 522; x_wconf 84' lang='lat' dir='ltr'>a</span> <span class='ocrx_word' id='word_1_44' title='bbox 952 480 1220 521; x_wconf 82' lang='lat' dir='ltr'>mercatoribus</span> <span class='ocrx_word' id='word_1_45' title='bbox 1249 489 1377 520; x_wconf 82' lang='lat' dir='ltr'>autem</span> <span class='ocrx_word' id='word_1_46' title='bbox 1395 481 1511 521; x_wconf 88' lang='lat' dir='ltr'>aliun·</span> 
     </span>
     <span class='ocr_line' id='line_1_7' title="bbox 205 543 764 597; baseline -0.004 -13"><span class='ocrx_word' id='word_1_47' title='bbox 205 543 252 584; x_wconf 90' lang='lat' dir='ltr'>de</span> <span class='ocrx_word' id='word_1_48' title='bbox 281 545 531 597; x_wconf 78' lang='lat' dir='ltr'>importatum</span> <span class='ocrx_word' id='word_1_49' title='bbox 565 544 764 595; x_wconf 86' lang='lat' dir='ltr'>accipiunt.</span> 
     </span>
    </p>

    <p class='ocr_par' dir='ltr' id='par_1_3' title="bbox 183 604 1509 1475">
     <span class='ocr_line' id='line_1_8' title="bbox 321 604 1509 660; baseline 0 -13"><span class='ocrx_word' id='word_1_50' title='bbox 321 605 582 647; x_wconf 76' lang='lat' dir='ltr'>Prostantfiine</span> <span class='ocrx_word' id='word_1_51' title='bbox 599 606 736 659; x_wconf 81' lang='lat' dir='ltr'>antiqui</span> <span class='ocrx_word' id='word_1_52' title='bbox 771 607 906 657; x_wconf 83' lang='lat' dir='ltr'>numi,</span> <span class='ocrx_word' id='word_1_53' title='bbox 956 605 1017 660; x_wconf 92' lang='lat' dir='ltr'>qui</span> <span class='ocrx_word' id='word_1_54' title='bbox 1050 604 1294 646; x_wconf 79' lang='lat' dir='ltr'>metallorum</span> <span class='ocrx_word' id='word_1_55' title='bbox 1323 615 1509 660; x_wconf 86' lang='lat' dir='ltr'>prouentu</span> 
     </span>
     <span class='ocr_line' id='line_1_9' title="bbox 201 668 1508 722; baseline 0 -12"><span class='ocrx_word' id='word_1_56' title='bbox 201 669 333 710; x_wconf 84' lang='lat' dir='ltr'>diuites</span> <span class='ocrx_word' id='word_1_57' title='bbox 366 669 502 709; x_wconf 65' lang='lat' dir='ltr'>tractus</span> <span class='ocrx_word' id='word_1_58' title='bbox 532 678 688 709; x_wconf 77' lang='lat' dir='ltr'>notant:</span> <span class='ocrx_word' id='word_1_59' title='bbox 739 669 864 722; x_wconf 86' lang='lat' dir='ltr'>quales</span> <span class='ocrx_word' id='word_1_60' title='bbox 898 668 959 708; x_wconf 89' lang='lat' dir='ltr'>sub</span> <span class='ocrx_word' id='word_1_61' title='bbox 1010 668 1201 708; x_wconf 83' lang='lat' dir='ltr'>Hadriano</span> <span class='ocrx_word' id='word_1_62' title='bbox 1232 669 1332 719; x_wconf 87' lang='lat' dir='ltr'>cusi,</span> <span class='ocrx_word' id='word_1_63' title='bbox 1380 670 1508 722; x_wconf 81' lang='lat' dir='ltr'>quibus</span> 
     </span>
     <span class='ocr_line' id='line_1_10' title="bbox 200 730 1504 784; baseline -0.001 -11"><span class='ocrx_word' id='word_1_64' title='bbox 200 731 340 773; x_wconf 82' lang='lat' dir='ltr'>MET.</span> <span class='ocrx_word' id='word_1_65' title='bbox 377 732 509 774; x_wconf 80' lang='lat' dir='ltr'><strong>NOR.</strong></span> <span class='ocrx_word' id='word_1_66' title='bbox 545 741 584 771; x_wconf 92' lang='lat' dir='ltr'>et</span> <span class='ocrx_word' id='word_1_67' title='bbox 617 731 833 771; x_wconf 83' lang='lat' dir='ltr'><strong>METAL.</strong></span> <span class='ocrx_word' id='word_1_68' title='bbox 865 730 1042 773; x_wconf 85' lang='lat' dir='ltr'>DELM.</span> <span class='ocrx_word' id='word_1_69' title='bbox 1075 730 1304 783; x_wconf 85' lang='lat' dir='ltr'>inscribitur,</span> <span class='ocrx_word' id='word_1_70' title='bbox 1355 734 1504 784; x_wconf 82' lang='lat' dir='ltr'>pridem</span> 
     </span>
     <span class='ocr_line' id='line_1_11' title="bbox 198 793 1504 848; baseline 0.002 -14"><span class='ocrx_word' id='word_1_71' title='bbox 198 796 311 836; x_wconf 90' lang='lat' dir='ltr'>noti:</span> <span class='ocrx_word' id='word_1_72' title='bbox 359 795 486 848; x_wconf 88' lang='lat' dir='ltr'>quibus</span> <span class='ocrx_word' id='word_1_73' title='bbox 525 794 745 834; x_wconf 88' lang='lat' dir='ltr'>adiiciendus</span> <span class='ocrx_word' id='word_1_74' title='bbox 775 795 856 846; x_wconf 85' lang='lat' dir='ltr'>est,</span> <span class='ocrx_word' id='word_1_75' title='bbox 903 808 1016 848; x_wconf 87' lang='lat' dir='ltr'>quem</span> <span class='ocrx_word' id='word_1_76' title='bbox 1051 794 1231 837; x_wconf 79' lang='lat' dir='ltr'>ANDR.</span> <span class='ocrx_word' id='word_1_77' title='bbox 1283 793 1504 837; x_wconf 78' lang='lat' dir='ltr'>MOREL-</span> 
     </span>
     <span class='ocr_line' id='line_1_12' title="bbox 196 856 1500 910; baseline 0.001 -13"><span class='ocrx_word' id='word_1_78' title='bbox 196 856 317 898; x_wconf 90' lang='lat' dir='ltr'><strong>LIVS</strong></span> <span class='ocrx_word' id='word_1_79' title='bbox 352 858 550 910; x_wconf 78' lang='lat' dir='ltr'>publicauit</span> <span class='ocrx_word' id='word_1_80' title='bbox 581 857 620 896; x_wconf 87' lang='lat' dir='ltr'>in</span> <span class='ocrx_word' id='word_1_81' title='bbox 655 857 807 910; x_wconf 77' lang='lat' dir='ltr'>specim.</span> <span class='ocrx_word' id='word_1_82' title='bbox 842 858 896 897; x_wconf 87' lang='lat' dir='ltr'>rei</span> <span class='ocrx_word' id='word_1_83' title='bbox 930 871 1077 898; x_wconf 83' lang='lat' dir='ltr'>numar.</span> <span class='ocrx_word' id='word_1_84' title='bbox 1113 859 1230 910; x_wconf 83' lang='lat' dir='ltr'>antiq.</span> <span class='ocrx_word' id='word_1_85' title='bbox 1263 858 1342 898; x_wconf 82' lang='lat' dir='ltr'>tab.</span> <span class='ocrx_word' id='word_1_86' title='bbox 1379 857 1500 898; x_wconf 90' lang='lat' dir='ltr'><strong>XXI.</strong></span> 
     </span>
     <span class='ocr_line' id='line_1_13' title="bbox 196 919 1501 972; baseline -0.002 -11"><span class='ocrx_word' id='word_1_87' title='bbox 196 919 451 961; x_wconf 88' lang='lat' dir='ltr'>METALLI</span> <span class='ocrx_word' id='word_1_88' title='bbox 486 919 714 961; x_wconf 85' lang='lat' dir='ltr'>VLPIANI</span> <span class='ocrx_word' id='word_1_89' title='bbox 749 920 917 962; x_wconf 88' lang='lat' dir='ltr'>PANN.</span> <span class='ocrx_word' id='word_1_90' title='bbox 939 952 951 970; x_wconf 85' lang='lat'>‚</span> <span class='ocrx_word' id='word_1_91' title='bbox 984 931 1024 958; x_wconf 88' lang='lat' dir='ltr'>et</span> <span class='ocrx_word' id='word_1_92' title='bbox 1058 921 1150 960; x_wconf 81' lang='lat' dir='ltr'>alius</span> <span class='ocrx_word' id='word_1_93' title='bbox 1182 933 1267 972; x_wconf 83' lang='lat' dir='ltr'>pag.</span> <span class='ocrx_word' id='word_1_94' title='bbox 1305 930 1406 968; x_wconf 80' lang='lat'>215.</span> <span class='ocrx_word' id='word_1_95' title='bbox 1442 922 1501 959; x_wconf 90' lang='lat' dir='ltr'>in-</span> 
     </span>
     <span class='ocr_line' id='line_1_14' title="bbox 193 981 1498 1039; baseline -0.001 -16"><span class='ocrx_word' id='word_1_96' title='bbox 193 984 365 1032; x_wconf 85' lang='lat' dir='ltr'>dicatus,</span> <span class='ocrx_word' id='word_1_97' title='bbox 416 982 477 1022; x_wconf 89' lang='lat' dir='ltr'>cui</span> <span class='ocrx_word' id='word_1_98' title='bbox 517 982 729 1022; x_wconf 81' lang='lat' dir='ltr'><strong>METAL.</strong></span> <span class='ocrx_word' id='word_1_99' title='bbox 781 981 1124 1039; x_wconf 70' lang='lat' dir='ltr'><strong>AVRELIANIS</strong></span> <span class='ocrx_word' id='word_1_100' title='bbox 1172 982 1384 1034; x_wconf 87' lang='lat' dir='ltr'>inscriptum</span> <span class='ocrx_word' id='word_1_101' title='bbox 1433 982 1498 1022; x_wconf 90' lang='lat' dir='ltr'>est.</span> 
     </span>
     <span class='ocr_line' id='line_1_15' title="bbox 191 1037 1500 1099; baseline -0.001 -12"><span class='ocrx_word' id='word_1_102' title='bbox 191 1043 266 1087; x_wconf 88' lang='lat' dir='ltr'>Sed</span> <span class='ocrx_word' id='word_1_103' title='bbox 297 1045 370 1099; x_wconf 70' lang='lat' dir='ltr'>ipla</span> <span class='ocrx_word' id='word_1_104' title='bbox 402 1044 634 1085; x_wconf 86' lang='lat' dir='ltr'>laudatorum</span> <span class='ocrx_word' id='word_1_105' title='bbox 669 1037 873 1086; x_wconf 72' lang='lat' dir='ltr'>numoru&#39;m</span> <span class='ocrx_word' id='word_1_106' title='bbox 907 1044 1167 1098; x_wconf 78' lang='lat' dir='ltr'>perspicuitas,</span> <span class='ocrx_word' id='word_1_107' title='bbox 1216 1056 1308 1098; x_wconf 88' lang='lat' dir='ltr'>quae</span> <span class='ocrx_word' id='word_1_108' title='bbox 1339 1044 1500 1086; x_wconf 66' lang='lat' dir='ltr'>lestores</span> 
     </span>
     <span class='ocr_line' id='line_1_16' title="bbox 189 1107 1496 1162; baseline -0.002 -14"><span class='ocrx_word' id='word_1_109' title='bbox 189 1109 303 1162; x_wconf 84' lang='lat' dir='ltr'>plena</span> <span class='ocrx_word' id='word_1_110' title='bbox 334 1108 572 1161; x_wconf 76' lang='lat' dir='ltr'>inscriptione</span> <span class='ocrx_word' id='word_1_111' title='bbox 603 1108 744 1148; x_wconf 89' lang='lat' dir='ltr'>instruit</span> <span class='ocrx_word' id='word_1_112' title='bbox 762 1141 771 1159; x_wconf 85' lang='lat'>,</span> <span class='ocrx_word' id='word_1_113' title='bbox 805 1110 968 1149; x_wconf 86' lang='lat' dir='ltr'>dubitare</span> <span class='ocrx_word' id='word_1_114' title='bbox 1000 1120 1069 1147; x_wconf 87' lang='lat' dir='ltr'>nos</span> <span class='ocrx_word' id='word_1_115' title='bbox 1101 1107 1187 1147; x_wconf 78' lang='lat' dir='ltr'>fficit</span> <span class='ocrx_word' id='word_1_116' title='bbox 1218 1108 1264 1147; x_wconf 89' lang='lat' dir='ltr'>de</span> <span class='ocrx_word' id='word_1_117' title='bbox 1304 1107 1467 1149; x_wconf 79' lang='lat' dir='ltr'>Rhodiis</span> <span class='ocrx_word' id='word_1_118' title='bbox 1485 1139 1496 1159; x_wconf 92' lang='lat'>,</span> 
     </span>
     <span class='ocr_line' id='line_1_17' title="bbox 190 1170 1498 1225; baseline -0.002 -14"><span class='ocrx_word' id='word_1_119' title='bbox 190 1173 420 1225; x_wconf 84' lang='lat' dir='ltr'>elegantium</span> <span class='ocrx_word' id='word_1_120' title='bbox 451 1181 489 1210; x_wconf 90' lang='lat' dir='ltr'>et</span> <span class='ocrx_word' id='word_1_121' title='bbox 521 1172 706 1211; x_wconf 88' lang='lat' dir='ltr'>cultorum</span> <span class='ocrx_word' id='word_1_122' title='bbox 742 1174 914 1211; x_wconf 86' lang='lat' dir='ltr'>virorum</span> <span class='ocrx_word' id='word_1_123' title='bbox 951 1172 1062 1223; x_wconf 80' lang='lat' dir='ltr'>copia</span> <span class='ocrx_word' id='word_1_124' title='bbox 1104 1171 1248 1223; x_wconf 84' lang='lat' dir='ltr'>semper</span> <span class='ocrx_word' id='word_1_125' title='bbox 1299 1170 1498 1210; x_wconf 84' lang='lat' dir='ltr'>adfluenti-</span> 
     </span>
     <span class='ocr_line' id='line_1_18' title="bbox 187 1232 1493 1288; baseline -0.002 -14"><span class='ocrx_word' id='word_1_126' title='bbox 187 1234 279 1285; x_wconf 88' lang='lat' dir='ltr'>bus,</span> <span class='ocrx_word' id='word_1_127' title='bbox 312 1235 414 1288; x_wconf 88' lang='lat' dir='ltr'>quod</span> <span class='ocrx_word' id='word_1_128' title='bbox 446 1232 525 1274; x_wconf 76' lang='lat' dir='ltr'>stiae</span> <span class='ocrx_word' id='word_1_129' title='bbox 557 1234 777 1287; x_wconf 81' lang='lat' dir='ltr'>prudentiae</span> <span class='ocrx_word' id='word_1_130' title='bbox 795 1233 996 1274; x_wconf 85' lang='lat' dir='ltr'>conuenire</span> <span class='ocrx_word' id='word_1_131' title='bbox 1020 1235 1230 1287; x_wconf 86' lang='lat' dir='ltr'>putauerint</span> <span class='ocrx_word' id='word_1_132' title='bbox 1249 1264 1260 1283; x_wconf 89' lang='lat'>,</span> <span class='ocrx_word' id='word_1_133' title='bbox 1295 1233 1322 1274; x_wconf 88' lang='lat' dir='ltr'>fi</span> <span class='ocrx_word' id='word_1_134' title='bbox 1353 1233 1493 1287; x_wconf 75' lang='lat' dir='ltr'>patriae</span> 
     </span>
     <span class='ocr_line' id='line_1_19' title="bbox 184 1296 1492 1348; baseline 0 -12"><span class='ocrx_word' id='word_1_135' title='bbox 184 1297 329 1337; x_wconf 83' lang='lat' dir='ltr'>diuitias</span> <span class='ocrx_word' id='word_1_136' title='bbox 360 1296 527 1337; x_wconf 65' lang='lat' dir='ltr'>iachturi</span> <span class='ocrx_word' id='word_1_137' title='bbox 550 1329 560 1348; x_wconf 85' lang='lat'>,</span> <span class='ocrx_word' id='word_1_138' title='bbox 594 1297 629 1336; x_wconf 89' lang='lat' dir='ltr'>id</span> <span class='ocrx_word' id='word_1_139' title='bbox 665 1296 824 1338; x_wconf 82' lang='lat' dir='ltr'>facerent</span> <span class='ocrx_word' id='word_1_140' title='bbox 856 1297 1009 1337; x_wconf 86' lang='lat' dir='ltr'>obscuro</span> <span class='ocrx_word' id='word_1_141' title='bbox 1042 1306 1388 1348; x_wconf 74' lang='lat' dir='ltr'>monogrammate.</span> <span class='ocrx_word' id='word_1_142' title='bbox 1425 1296 1492 1337; x_wconf 81' lang='lat' dir='ltr'>Ne</span> 
     </span>
     <span class='ocr_line' id='line_1_20' title="bbox 184 1358 1494 1414; baseline -0.001 -14"><span class='ocrx_word' id='word_1_143' title='bbox 184 1361 308 1400; x_wconf 83' lang='lat' dir='ltr'>dicam</span> <span class='ocrx_word' id='word_1_144' title='bbox 328 1391 340 1410; x_wconf 83' lang='lat'>,</span> <span class='ocrx_word' id='word_1_145' title='bbox 372 1372 483 1414; x_wconf 83' lang='lat' dir='ltr'>quam</span> <span class='ocrx_word' id='word_1_146' title='bbox 516 1360 690 1399; x_wconf 84' lang='lat' dir='ltr'>indecens</span> <span class='ocrx_word' id='word_1_147' title='bbox 721 1360 889 1400; x_wconf 79' lang='lat' dir='ltr'>videatur</span> <span class='ocrx_word' id='word_1_148' title='bbox 919 1359 1001 1398; x_wconf 86' lang='lat' dir='ltr'>vrbi</span> <span class='ocrx_word' id='word_1_149' title='bbox 1022 1391 1032 1410; x_wconf 87' lang='lat'>,</span> <span class='ocrx_word' id='word_1_150' title='bbox 1066 1371 1158 1412; x_wconf 79' lang='lat' dir='ltr'>quae</span> <span class='ocrx_word' id='word_1_151' title='bbox 1191 1370 1322 1411; x_wconf 85' lang='lat' dir='ltr'>regem</span> <span class='ocrx_word' id='word_1_152' title='bbox 1366 1358 1494 1399; x_wconf 85' lang='lat' dir='ltr'>hono-</span> 
     </span>
     <span class='ocr_line' id='line_1_21' title="bbox 183 1421 1493 1475; baseline -0.001 -11"><span class='ocrx_word' id='word_1_153' title='bbox 183 1434 266 1469; x_wconf 83' lang='lat' dir='ltr'>rare</span> <span class='ocrx_word' id='word_1_154' title='bbox 300 1432 433 1475; x_wconf 81' lang='lat' dir='ltr'>cupit,</span> <span class='ocrx_word' id='word_1_155' title='bbox 466 1423 504 1462; x_wconf 86' lang='lat' dir='ltr'>in</span> <span class='ocrx_word' id='word_1_156' title='bbox 535 1423 671 1463; x_wconf 89' lang='lat' dir='ltr'>eodem</span> <span class='ocrx_word' id='word_1_157' title='bbox 705 1435 825 1462; x_wconf 92' lang='lat' dir='ltr'>numo</span> <span class='ocrx_word' id='word_1_158' title='bbox 858 1424 958 1463; x_wconf 82' lang='lat' dir='ltr'>suam</span> <span class='ocrx_word' id='word_1_159' title='bbox 992 1422 1173 1462; x_wconf 84' lang='lat' dir='ltr'>ostentare</span> <span class='ocrx_word' id='word_1_160' title='bbox 1212 1421 1493 1463; x_wconf 71' lang='lat' dir='ltr'>abundantiam.</span> 
     </span>
    </p>

    <p class='ocr_par' dir='ltr' id='par_1_4' title="bbox 175 1484 1493 2042">
     <span class='ocr_line' id='line_1_22' title="bbox 299 1484 1493 1539; baseline -0.001 -14"><span class='ocrx_word' id='word_1_161' title='bbox 299 1484 481 1525; x_wconf 79' lang='lat' dir='ltr'>Aduersus</span> <span class='ocrx_word' id='word_1_162' title='bbox 513 1485 622 1535; x_wconf 85' lang='lat' dir='ltr'>illos,</span> <span class='ocrx_word' id='word_1_163' title='bbox 658 1486 721 1539; x_wconf 90' lang='lat' dir='ltr'>qni</span> <span class='ocrx_word' id='word_1_164' title='bbox 755 1485 816 1526; x_wconf 92' lang='lat' dir='ltr'>hic</span> <span class='ocrx_word' id='word_1_165' title='bbox 849 1486 990 1526; x_wconf 82' lang='lat' dir='ltr'>latitare</span> <span class='ocrx_word' id='word_1_166' title='bbox 1022 1485 1172 1524; x_wconf 86' lang='lat' dir='ltr'>initium</span> <span class='ocrx_word' id='word_1_167' title='bbox 1209 1484 1358 1524; x_wconf 84' lang='lat' dir='ltr'>alicuius</span> <span class='ocrx_word' id='word_1_168' title='bbox 1409 1485 1493 1538; x_wconf 90' lang='lat' dir='ltr'>epi-</span> 
     </span>
     <span class='ocr_line' id='line_1_23' title="bbox 182 1546 1490 1602; baseline -0.001 -14"><span class='ocrx_word' id='word_1_169' title='bbox 182 1547 277 1588; x_wconf 87' lang='lat' dir='ltr'>theti</span> <span class='ocrx_word' id='word_1_170' title='bbox 309 1549 354 1588; x_wconf 89' lang='lat' dir='ltr'>ad</span> <span class='ocrx_word' id='word_1_171' title='bbox 388 1548 651 1588; x_wconf 82' lang='lat' dir='ltr'>Ptolemaeum</span> <span class='ocrx_word' id='word_1_172' title='bbox 685 1560 810 1600; x_wconf 86' lang='lat' dir='ltr'>regem</span> <span class='ocrx_word' id='word_1_173' title='bbox 861 1548 1079 1602; x_wconf 87' lang='lat' dir='ltr'>pertinentis</span> <span class='ocrx_word' id='word_1_174' title='bbox 1097 1578 1109 1597; x_wconf 87' lang='lat'>,</span> <span class='ocrx_word' id='word_1_175' title='bbox 1160 1546 1324 1600; x_wconf 82' lang='lat' dir='ltr'>suspicati</span> <span class='ocrx_word' id='word_1_176' title='bbox 1375 1548 1456 1587; x_wconf 87' lang='lat' dir='ltr'>sunt</span> <span class='ocrx_word' id='word_1_177' title='bbox 1476 1578 1490 1599; x_wconf 80' lang='grc'><strong>,</strong></span> 
     </span>
     <span class='ocr_line' id='line_1_24' title="bbox 180 1609 1489 1665; baseline -0.001 -14"><span class='ocrx_word' id='word_1_178' title='bbox 180 1610 364 1652; x_wconf 72' lang='lat' dir='ltr'>inuistum</span> <span class='ocrx_word' id='word_1_179' title='bbox 398 1621 494 1663; x_wconf 92' lang='lat' dir='ltr'>puto</span> <span class='ocrx_word' id='word_1_180' title='bbox 525 1611 595 1651; x_wconf 78' lang='lat' dir='ltr'>ess‘e</span> <span class='ocrx_word' id='word_1_181' title='bbox 614 1621 879 1663; x_wconf 82' lang='lat' dir='ltr'>argumentum</span> <span class='ocrx_word' id='word_1_182' title='bbox 898 1644 909 1662; x_wconf 83' lang='lat'>,</span> <span class='ocrx_word' id='word_1_183' title='bbox 934 1611 1034 1665; x_wconf 89' lang='lat' dir='ltr'>quod</span> <span class='ocrx_word' id='word_1_184' title='bbox 1052 1609 1283 1650; x_wconf 63' lang='lat' dir='ltr'>doitiffimus</span> <span class='ocrx_word' id='word_1_185' title='bbox 1301 1609 1489 1650; x_wconf 85' lang='lat' dir='ltr'>Mencke-</span> 
     </span>
     <span class='ocr_line' id='line_1_25' title="bbox 181 1673 1487 1726; baseline -0.001 -12"><span class='ocrx_word' id='word_1_186' title='bbox 181 1676 261 1714; x_wconf 82' lang='lat' dir='ltr'>nius</span> <span class='ocrx_word' id='word_1_187' title='bbox 292 1676 329 1714; x_wconf 87' lang='lat' dir='ltr'>in</span> <span class='ocrx_word' id='word_1_188' title='bbox 360 1674 609 1714; x_wconf 75' lang='lat' dir='ltr'>dissertatione</span> <span class='ocrx_word' id='word_1_189' title='bbox 626 1674 768 1714; x_wconf 79' lang='lat' dir='ltr'>laudata</span> <span class='ocrx_word' id='word_1_190' title='bbox 786 1675 903 1715; x_wconf 81' lang='lat' dir='ltr'>attulit</span> <span class='ocrx_word' id='word_1_191' title='bbox 925 1689 933 1715; x_wconf 91' lang='lat'>:</span> <span class='ocrx_word' id='word_1_192' title='bbox 971 1673 1112 1714; x_wconf 90' lang='lat' dir='ltr'>nullum</span> <span class='ocrx_word' id='word_1_193' title='bbox 1130 1685 1312 1726; x_wconf 77' lang='lat' dir='ltr'>vmquam</span> <span class='ocrx_word' id='word_1_194' title='bbox 1330 1673 1487 1725; x_wconf 88' lang='lat' dir='ltr'>scripto-</span> 
     </span>
     <span class='ocr_line' id='line_1_26' title="bbox 178 1736 1485 1789; baseline -0.002 -12"><span class='ocrx_word' id='word_1_195' title='bbox 178 1750 263 1777; x_wconf 90' lang='lat' dir='ltr'>rem</span> <span class='ocrx_word' id='word_1_196' title='bbox 297 1737 505 1777; x_wconf 85' lang='lat' dir='ltr'>meminiffe</span> <span class='ocrx_word' id='word_1_197' title='bbox 539 1737 644 1777; x_wconf 80' lang='lat' dir='ltr'>vllius</span> <span class='ocrx_word' id='word_1_198' title='bbox 676 1738 887 1788; x_wconf 77' lang='lat' dir='ltr'>agnominis</span> <span class='ocrx_word' id='word_1_199' title='bbox 923 1737 1031 1777; x_wconf 85' lang='lat' dir='ltr'>alicui</span> <span class='ocrx_word' id='word_1_200' title='bbox 1079 1736 1279 1776; x_wconf 86' lang='lat' dir='ltr'>Ptolemao</span> <span class='ocrx_word' id='word_1_201' title='bbox 1329 1736 1485 1789; x_wconf 88' lang='lat' dir='ltr'>tributi,</span> 
     </span>
     <span class='ocr_line' id='line_1_27' title="bbox 178 1797 1484 1853; baseline -0.001 -12"><span class='ocrx_word' id='word_1_202' title='bbox 178 1802 216 1841; x_wconf 89' lang='lat' dir='ltr'>in</span> <span class='ocrx_word' id='word_1_203' title='bbox 249 1812 322 1853; x_wconf 91' lang='lat' dir='ltr'>quo</span> <span class='ocrx_word' id='word_1_204' title='bbox 353 1799 493 1839; x_wconf 80' lang='lat' dir='ltr'>litterae</span> <span class='ocrx_word' id='word_1_205' title='bbox 525 1798 630 1840; x_wconf 81' lang='lat' dir='ltr'>huius</span> <span class='ocrx_word' id='word_1_206' title='bbox 664 1801 1004 1851; x_wconf 71' lang='lat' dir='ltr'>monogrammatis</span> <span class='ocrx_word' id='word_1_207' title='bbox 1035 1798 1182 1839; x_wconf 87' lang='lat' dir='ltr'>initium</span> <span class='ocrx_word' id='word_1_208' title='bbox 1212 1797 1357 1840; x_wconf 76' lang='lat' dir='ltr'>faciant.</span> <span class='ocrx_word' id='word_1_209' title='bbox 1399 1799 1484 1840; x_wconf 89' lang='lat' dir='ltr'>Ne·</span> 
     </span>
     <span class='ocr_line' id='line_1_28' title="bbox 176 1860 1483 1918; baseline 0 -15"><span class='ocrx_word' id='word_1_210' title='bbox 176 1876 248 1917; x_wconf 88' lang='lat' dir='ltr'>que</span> <span class='ocrx_word' id='word_1_211' title='bbox 281 1862 431 1918; x_wconf 81' lang='lat' dir='ltr'>probari</span> <span class='ocrx_word' id='word_1_212' title='bbox 462 1860 536 1902; x_wconf 88' lang='lat' dir='ltr'>vllo</span> <span class='ocrx_word' id='word_1_213' title='bbox 565 1863 744 1915; x_wconf 84' lang='lat' dir='ltr'>exemplo</span> <span class='ocrx_word' id='word_1_214' title='bbox 775 1863 876 1915; x_wconf 70' lang='lat' dir='ltr'>posse</span> <span class='ocrx_word' id='word_1_215' title='bbox 896 1894 906 1913; x_wconf 91' lang='lat'>‚</span> <span class='ocrx_word' id='word_1_216' title='bbox 923 1862 1020 1915; x_wconf 88' lang='lat' dir='ltr'>quod</span> <span class='ocrx_word' id='word_1_217' title='bbox 1047 1862 1152 1903; x_wconf 85' lang='lat' dir='ltr'>huius</span> <span class='ocrx_word' id='word_1_218' title='bbox 1168 1862 1313 1914; x_wconf 83' lang='lat' dir='ltr'>generis</span> <span class='ocrx_word' id='word_1_219' title='bbox 1329 1861 1483 1903; x_wconf 80' lang='lat' dir='ltr'>adiicia-</span> 
     </span>
     <span class='ocr_line' id='line_1_29' title="bbox 176 1920 1480 1978; baseline -0.002 -12"><span class='ocrx_word' id='word_1_220' title='bbox 176 1927 223 1967; x_wconf 81' lang='lat' dir='ltr'>lia</span> <span class='ocrx_word' id='word_1_221' title='bbox 256 1920 372 1965; x_wconf 78' lang='lat' dir='ltr'>verba</span> <span class='ocrx_word' id='word_1_222' title='bbox 402 1925 607 1965; x_wconf 78' lang='lat' dir='ltr'>litterarum</span> <span class='ocrx_word' id='word_1_223' title='bbox 641 1926 875 1978; x_wconf 85' lang='lat' dir='ltr'>compendio</span> <span class='ocrx_word' id='word_1_224' title='bbox 906 1924 1074 1965; x_wconf 86' lang='lat' dir='ltr'>exhibita</span> <span class='ocrx_word' id='word_1_225' title='bbox 1108 1925 1244 1965; x_wconf 86' lang='lat' dir='ltr'>fuerint</span> <span class='ocrx_word' id='word_1_226' title='bbox 1263 1957 1273 1976; x_wconf 93' lang='lat'>,</span> <span class='ocrx_word' id='word_1_227' title='bbox 1322 1924 1480 1978; x_wconf 85' lang='lat' dir='ltr'>praeser-</span> 
     </span>
     <span class='ocr_line' id='line_1_30' title="bbox 175 1987 1480 2042; baseline -0.001 -13"><span class='ocrx_word' id='word_1_228' title='bbox 175 1991 249 2029; x_wconf 82' lang='lat' dir='ltr'>tim</span> <span class='ocrx_word' id='word_1_229' title='bbox 280 1989 317 2029; x_wconf 88' lang='lat' dir='ltr'>in</span> <span class='ocrx_word' id='word_1_230' title='bbox 349 1987 492 2040; x_wconf 77' lang='lat' dir='ltr'>magnis</span> <span class='ocrx_word' id='word_1_231' title='bbox 525 1989 675 2040; x_wconf 86' lang='lat' dir='ltr'>numis,</span> <span class='ocrx_word' id='word_1_232' title='bbox 711 1988 774 2028; x_wconf 80' lang='lat' dir='ltr'>vbi</span> <span class='ocrx_word' id='word_1_233' title='bbox 792 1988 933 2029; x_wconf 85' lang='lat' dir='ltr'>abunde</span> <span class='ocrx_word' id='word_1_234' title='bbox 953 1987 1113 2028; x_wconf 85' lang='lat' dir='ltr'>multum</span> <span class='ocrx_word' id='word_1_235' title='bbox 1132 1988 1185 2028; x_wconf 89' lang='lat' dir='ltr'>est</span> <span class='ocrx_word' id='word_1_236' title='bbox 1204 1988 1309 2041; x_wconf 85' lang='lat' dir='ltr'>spatii</span> <span class='ocrx_word' id='word_1_237' title='bbox 1326 1989 1480 2042; x_wconf 81' lang='lat' dir='ltr'>capien-</span> 
     </span>
    </p>
   </div>
   <div class='ocr_carea' id='block_1_3' title="bbox 172 2049 1476 2155">
    <p class='ocr_par' dir='ltr' id='par_1_5' title="bbox 172 2049 1476 2155">
     <span class='ocr_line' id='line_1_31' title="bbox 172 2049 1341 2106; baseline -0.001 -14"><span class='ocrx_word' id='word_1_238' title='bbox 172 2052 229 2093; x_wconf 87' lang='lat' dir='ltr'>dis</span> <span class='ocrx_word' id='word_1_239' title='bbox 261 2051 407 2106; x_wconf 85' lang='lat' dir='ltr'>integris</span> <span class='ocrx_word' id='word_1_240' title='bbox 438 2051 590 2093; x_wconf 83' lang='lat' dir='ltr'>vocibus</span> <span class='ocrx_word' id='word_1_241' title='bbox 609 2081 621 2104; x_wconf 88' lang='lat'><em>,</em></span> <span class='ocrx_word' id='word_1_242' title='bbox 656 2063 748 2105; x_wconf 84' lang='lat' dir='ltr'>quae</span> <span class='ocrx_word' id='word_1_243' title='bbox 778 2052 924 2106; x_wconf 73' lang='lat' dir='ltr'>regibus</span> <span class='ocrx_word' id='word_1_244' title='bbox 956 2049 1142 2092; x_wconf 83' lang='lat' dir='ltr'>honorem</span> <span class='ocrx_word' id='word_1_245' title='bbox 1176 2052 1341 2092; x_wconf 72' lang='lat' dir='ltr'>afferant.</span> 
     </span>
     <span class='ocr_line' id='line_1_32' title="bbox 1333 2112 1476 2155; baseline -0.007 0"><span class='ocrx_word' id='word_1_246' title='bbox 1333 2112 1476 2155; x_wconf 84' lang='lat' dir='ltr'>Dicam</span> 
     </span>
    </p>
   </div>
  </div>
 </body>
</html>
