2020 2668
522 136 609 178 344
797 120 1094 168 GALERIAE
1126 117 1404 166 VALERJAE
1433 117 1572 165 AVo.

513 240 693 280 debemus
726 237 829 278 iiiam
861 249 911 277 ex
942 237 1017 278 cius
1049 235 1194 277 ambitu
1226 244 1376 289 partem
1395 267 1407 287 ,
1439 246 1533 288 quae
1565 231 1612 274 de
1634 243 1673 273 re
1692 230 1827 273 vestia-

518 305 568 344 ria
589 335 600 354 ,
631 303 753 355 deque
787 303 919 342 ceteris
951 302 998 342 ad
1029 301 1171 341 cultum
1203 310 1240 339 ct
1272 308 1450 339 ornatum
1489 297 1658 351 corporis
1709 295 1830 350 perti·

517 367 716 415 uentibus,
749 364 840 405 solet
874 366 1099 418 praecipere.
1165 362 1272 405 Nam
1306 374 1422 416 quum
1453 361 1540 401 talia
1574 361 1658 414 lege
1699 359 1828 411 nulla,

516 428 583 468 nisi
618 430 655 467 in
690 427 791 467 sacro
824 429 944 468 ordini
977 426 1195 481 adscriptis,
1228 427 1532 466 continerentur:
1576 422 1717 464 factum
1759 421 1829 462 effe

513 490 772 542 obseruamus,
791 502 831 530 vt
861 491 1066 532 labentibus
1096 490 1200 530 arinis
1233 492 1352 529 muita
1385 487 1564 542 paulatim
1585 489 1831 527 immutaren-

516 563 602 596 tur:
633 555 830 608 aliquando
862 566 990 595 antem
1012 585 1024 601 ,
1058 554 1084 594 fi
1115 552 1305 606 principes
1341 551 1567 604 exemplum
1617 550 1834 603 praeirent,

515 617 628 658 subita
660 617 905 658 conuersique
939 629 1040 658 anno
1076 625 1242 656 vertente
1276 614 1496 667 placerent,
1547 625 1641 667 quae
1682 613 1833 653 incunte

517 682 662 724 nemini
697 682 734 721 in
769 691 944 721 mentem
979 679 1074 721 forte
1112 686 1307 719 venerant.

637 744 697 786 fit
731 745 816 784 inde
836 776 847 795 ‚
880 755 922 784 vt
956 744 1113 798 quisquis
1143 744 1192 782 de
1223 741 1280 782 his
1313 741 1405 782 velit
1438 750 1636 795 praecepta
1670 740 1835 792 tradere,

519 808 585 849 nifi
620 806 774 861 scipsum
806 818 912 848 certo
944 808 1054 848 alicui
1087 817 1126 847 et
1143 805 1394 846 determinato
1412 806 1580 858 tempori
1607 804 1806 857 adstringat
1825 834 1837 854 ,

520 871 721 912 necessario
753 872 886 911 debeat
920 871 1130 924 impingere
1161 878 1200 909 et
1234 869 1420 909 lectorem
1455 867 1557 908 suum
1589 868 1689 908 male
1739 878 1836 906 con-

520 935 680 975 fundere.
763 933 858 975 Non
892 934 1016 974 dicam
1055 946 1150 973 nunc
1183 934 1230 973 de
1263 931 1375 985 aliis;
1425 929 1486 971 sed
1517 932 1601 984 quia
1637 931 1757 970 modo
1789 929 1837 969 de

520 997 630 1038 barba
663 997 768 1049 attigi
803 997 954 1050 aliqua,
989 996 1035 1036 de
1066 995 1247 1048 capillitio
1281 1004 1318 1033 ct
1351 1006 1466 1034 coma
1497 993 1648 1046 paucula
1698 992 1839 1033 subiun-

520 1072 626 1113 gam.
695 1059 831 1112 Neque
864 1070 993 1099 tamen
1027 1071 1123 1098 nunc
1159 1059 1325 1097 virorum
1367 1058 1404 1096 in
1436 1056 1514 1097 hoc
1564 1068 1701 1110 genere
1751 1066 1838 1095 mo-

521 1134 604 1161 rem
640 1131 838 1174 tantopere
868 1120 1137 1174 respiciendum
1170 1120 1300 1172 duco:,
1332 1119 1401 1159 etsi
1433 1121 1479 1160 de
1512 1120 1583 1160 hoc
1615 1127 1839 1173 argumento

525 1183 633 1239 plura
668 1183 892 1238 suppetunt:
928 1182 984 1223 sed
1016 1183 1062 1223 de
1098 1183 1279 1223 matronis
1313 1180 1547 1234 potissimum
1581 1183 1788 1236 diipiciam.

643 1246 685 1288 Si
718 1251 799 1301 qnis
832 1247 922 1287 velit
954 1246 1038 1286 inde
1070 1245 1117 1286 ab
1152 1244 1309 1298 Augusti
1341 1245 1518 1297 excessu,
1560 1258 1638 1299 quo
1670 1247 1842 1299 primum

529 1312 706 1352 mulieres
741 1311 870 1364 signari
903 1311 941 1350 in
973 1309 1098 1349 mimis
1131 1317 1370 1363 coeperunt,
1412 1321 1524 1362 vsqne
1557 1309 1602 1349 ad
1654 1308 1840 1349 Iustiniani

526 1374 588 1417 Μ.
623 1377 752 1426 initia,
786 1374 885 1427 qnod
918 1384 1073 1426 tempus
1104 1382 1328 1426 qungentos
1359 1384 1475 1412 annos
1507 1373 1646 1425 exigno
1693 1370 1841 1412 excelsu

522 1438 698 1492 superat,
731 1449 955 1490 comparare
990 1436 1240 1488 Augustarum
1276 1437 1312 1475 in
1346 1435 1469 1475 nnmis
1509 1435 1742 1488 superstitum
1778 1447 1841 1475 ca·

521 1505 629 1557 pita:
667 1501 862 1542 mirabitur
894 1501 1020 1553 vtique
1040 1532 1051 1549 ,
1084 1511 1218 1539 comae
1251 1499 1394 1539 cultum
1415 1511 1491 1538 non
1527 1498 1641 1538 ibium
1687 1499 1725 1538 in
1762 1499 1842 1552 ple-

528 1568 646 1619 tisqne
678 1563 864 1604 diuersum
886 1594 899 1614 ,
931 1563 992 1602 scd
1023 1574 1089 1602 nec
1122 1563 1159 1602 in
1196 1575 1267 1601 vna
1317 1563 1528 1615 cademque
1579 1563 1742 1615 Angusta
1790 1562 1843 1602 ita

529 1639 758 1683 perpetuum
782 1660 792 1679 ,
829 1638 870 1666 vt
903 1639 981 1666 nnn
1015 1626 1194 1666 notabiles
1225 1624 1456 1665 differentiae
1478 1627 1718 1665 intercedant.
1758 1625 1846 1666 Illas

534 1704 658 1733 autem
692 1705 711 1731 a
745 1689 975 1742 sculptorum
1010 1690 1163 1728 arbitrio
1196 1689 1343 1742 semper
1377 1688 1609 1741 proneniss'e,
1645 1701 1710 1728 vix
1747 1689 1846 1730 mihi

533 1756 750 1810 persuadere
787 1753 967 1808 poffimr,
1001 1752 1065 1792 etsi
1099 1765 1242 1805 migm)
1276 1764 1313 1792 et
1351 1751 1386 1791 in
1420 1751 1476 1792 his
1525 1752 1655 1792 litteris
1702 1751 1848 1794 stimma

529 1833 616 1860 cnm
652 1819 756 1860 laude
792 1815 934 1857 vcrssto
965 1816 1048 1855 viro
1082 1815 1252 1869 placuisse
1286 1815 1483 1867 intelligo,
1535 1846 1559 1866 ,‚
1594 1817 1744 1856 moueri
1781 1828 1847 1856 nos

535 1896 644 1935 „nnn
679 1882 809 1921 debere
831 1914 841 1933 ,
873 1880 974 1933 qnod
1010 1892 1110 1919 varia
1146 1878 1222 1918 snm
1258 1880 1443 1918 interdum
1478 1881 1605 1931 capitis
1644 1889 1849 1930 tegumen-

537 1958 633 1998 „taz
670 1945 759 1984 hacc
796 1946 899 1983 enim
935 1955 1010 1982 non
1045 1944 1170 1982 aetati,-
1199 1943 1270 1982 css‘e
1291 1942 1345 1982 sed
1368 1941 1603 1982 officinarum
1625 1941 1847 1982 nutrimina.

657 2007 847 2059 Exemplo
887 2017 1014 2045 antem
1047 2006 1125 2046 estc)
1157 2003 1306 2046 Galeria
1342 2005 1487 2045 Valeria
1519 2005 1679 2057 Angusta
1702 2039 1711 2057 ‚
1752 2006 1852 2045 cuius

537 2073 693 2112 nomine
726 2068 919 2124 inscriptos
937 2071 1044 2110 binos
1077 2081 1213 2111 nemos
1230 2080 1356 2109 aereos
1374 2101 1385 2120 ,
1404 2068 1448 2107 ad
1468 2069 1625 2121 genuina
1645 2070 1848 2121 archetypa

1691 2133 1848 2187 diligen-
