2020 2668
517 118 604 158 188
669 114 753 157 DE
785 110 959 160 MOTV
990 110 1312 160 CORPORVM
1343 111 1769 163 FLEXIBILWM..

506 230 610 286 poris
657 227 737 271 BC
768 230 864 271 circa
894 227 929 270 B
962 239 1136 272 centrum
1188 231 1381 286 grauitatis
1420 228 1460 274 G
1497 230 1715 274 habiturum
1765 229 1845 274 esse

509 304 667 336 motum
721 295 920 335 secundnm
969 295 1222 337 directionem
1255 292 1294 337 G
1305 309 1337 350 g
1369 295 1417 337 ad
1451 292 1540 336 BG
1594 296 1811 338 normalem
1830 328 1843 350 ‚

508 359 613 398 cuius
644 359 810 399 celeritas
858 358 985 400 debita
1019 359 1062 401 (it
1094 360 1277 402 altitudini
1330 373 1386 400 z
1395 374 1425 414 g
1436 374 1470 415 g.
1484 371 1523 414 q.
1607 360 1680 401 Per
1714 371 1845 402 motus

510 430 605 474 ergo
636 423 764 476 legem
797 424 1009 476 generalem
1043 434 1216 466 centrum
1248 426 1438 479 grauitatis
1479 423 1519 466 G
1553 423 1623 465 hac
1668 424 1745 478 ipsa
1779 437 1845 466 ce-

508 485 654 526 leritate
688 485 977 539 promouebitur
1010 488 1250 530 vniformiter
1285 491 1327 530 in
1359 488 1546 531 directum
1567 487 1764 530 lecundum
1782 489 1844 530 di-

510 548 726 591 rectionem
759 547 868 604 Gg:
903 550 1044 592 interea
1077 564 1171 594 vero
1208 565 1346 607 corpus
1377 552 1413 594 B
1431 550 1465 594 C
1498 553 1593 594 circa
1626 552 1700 594 hoc
1753 564 1843 594 cen-

509 620 613 655 trum
646 614 833 667 gmuitatis
864 612 904 657 G
937 615 1128 669 gyrabitur
1159 616 1300 659 eodem
1332 627 1444 659 motu
1474 617 1660 658 rotatorio
1679 649 1690 670 ,
1723 628 1843 671 quem

510 677 610 718 circa
642 675 678 718 B
708 689 912 720 momento
943 678 1134 721 solutionis
1163 680 1341 722 habuerat
1384 681 1521 722 scilicet
1553 680 1662 722 huius
1713 691 1846 723 motus

510 741 681 782 celeritas
713 742 899 797 angularis
932 743 971 784 in
1004 743 1174 787 distantia
1206 757 1263 785 :z
1287 759 1304 785 1
1330 757 1353 786 a
1385 755 1520 787 centro
1554 742 1593 786 G
1636 744 1706 786 erit
1738 745 1842 786 debi-

516 814 551 845 ta
587 806 774 848 altitudini
806 819 862 846 z:
894 817 933 861 q.
1005 807 1161 863 Hocque
1192 822 1285 864 crgo
1337 809 1476 863 duplici
1528 818 1639 850 motu
1661 842 1673 861 ,
1724 809 1846 850 altero

512 869 710 911 rectilineo
742 870 860 911 centri
893 872 1084 923 grauitatis
1116 870 1156 914 G
1177 906 1188 925 ,
1219 874 1339 914 altero
1373 875 1558 914 rotatorio
1604 874 1701 914 circa
1738 874 1844 914 idem

513 943 687 974 centrum
697 946 832 987 corpus
846 933 1083 976 vnisormitcr
1103 937 1141 977 in
1162 936 1354 977 inlinitum
1375 937 1677 990 promouebitur.
1699 936 1844 993 Quodsi

515 1008 615 1037 nunc
647 999 717 1038 toti
760 996 879 1050 spatio
926 999 989 1039 ille
1023 1010 1179 1052 motus,
1233 1014 1346 1055 quem
1383 1000 1450 1054 ipsi
1502 999 1718 1054 imprell'nm
1772 999 1845 1041 else

521 1059 702 1101 finximus
721 1093 732 1112 ,
766 1061 902 1101 iterum
935 1063 1126 1115 dematur,
1163 1076 1228 1118 per
1261 1065 1580 1118 compositionem
1600 1066 1738 1104 otietur
1756 1076 1844 1106 mo-

518 1133 574 1165 tus
607 1136 744 1177 verns,
776 1136 893 1179 quem
927 1138 1013 1181 pars
1046 1125 1134 1168 BC
1168 1127 1283 1169 soluta
1317 1127 1480 1169 habebit.
1515 1129 1568 1186 Q.
1603 1127 1654 1169 E.
1689 1126 1723 1168 1.

1025 1227 1237 1288 Coroll.
1284 1252 1325 1287 1.

639 1336 711 1375 ¹3·
745 1322 878 1365 Primo
910 1335 1002 1378 ergo
1035 1337 1243 1366 momento
1276 1338 1360 1379 pars
1391 1324 1451 1365 sen
1484 1325 1588 1378 virga
1619 1321 1709 1365 BC
1756 1335 1841 1377 pcr-

516 1388 646 1429 veniet
680 1389 717 1427 in
749 1387 860 1429 situm
894 1388 917 1429 b
925 1402 957 1441 g
975 1402 996 1429 c
1018 1421 1028 1440 ,
1062 1390 1221 1443 ideoque
1253 1391 1300 1430 ad
1335 1390 1476 1430 rectam
1510 1387 1544 1428 B
1566 1389 1591 1429 P
1611 1389 1763 1442 perinde
1782 1387 1842 1428 in-

513 1453 710 1493 clinabitur
729 1484 740 1504 ,
772 1465 814 1492 ac
846 1451 873 1492 st
905 1454 1003 1492 circa
1061 1453 1246 1507 punctum
1300 1453 1422 1494 fixum
1457 1451 1491 1492 B
1521 1453 1609 1493 cili-t
1660 1462 1840 1492 ronitnm.

515 1515 672 1558 Scilicet
704 1516 798 1557 dum
830 1527 1002 1556 centrum
1037 1518 1224 1571 grauitatis
1257 1514 1295 1558 G
1330 1517 1484 1557 absoluit
1525 1516 1723 1570 spatiolum
1761 1512 1799 1555 G
1808 1528 1840 1569 g

519 1575 887 1635 :dngdth
906 1613 916 1633 ,
951 1580 1074 1633 posito
1105 1581 1154 1621 dt
1188 1595 1259 1636 pro
1289 1581 1484 1621 elemento
1517 1581 1730 1635 temporis,
1770 1578 1840 1620 fiet

515 1639 888 1700 dmz—dtisq,
923 1645 975 1685 ob
1007 1645 1187 1699 angulum
1224 1641 1477 1697 PBG-ze).

1013 1777 1231 1837 Coroll.
1275 1797 1326 1836 2.

640 1886 707 1926 ¹4·
743 1873 932 1916 Punctum
965 1885 1094 1916 autem
1128 1873 1163 1916 Β
1192 1876 1239 1916 de
1271 1875 1372 1917 reeta
1403 1873 1443 1917 Ο
1469 1873 1499 1914 P
1533 1873 1767 1915 transferetur
1799 1872 1838 1913 in

513 1937 699 1993 punc'tum
731 1939 756 1979 b
775 1971 785 1990 ‚
817 1938 935 1980 sumta
957 1936 1177 1993 gbzssG
1198 1973 1208 1992 ,
1240 1950 1277 1980 et
1308 1953 1398 1980 cum
1434 1938 1497 1978 ista
1531 1940 1718 1978 tmnslatio
1744 1948 1835 1976 con-

512 2013 619 2058 gruat
652 2016 744 2043 cum
774 2003 910 2044 effe-§tu
947 2006 1002 2044 vis
1037 2003 1286 2057 centrifugete,
1330 2015 1401 2057 qua
1452 2001 1635 2055 punctum
1671 1999 1705 2041 B
1739 2001 1839 2040 circa

512 2063 555 2110 G
586 2077 763 2121 rotatur,
794 2069 897 2110 cuius
925 2069 1093 2110 celeritas
1121 2067 1175 2109 est
1206 2067 1332 2109 debita
1365 2066 1551 2107 altitudini
1572 2079 1605 2121 g
1613 2079 1641 2120 g
1662 2076 1686 2120 q
1704 2097 1714 2117 ,
1727 2075 1839 2169 e{un-

1770 2139 1839 2169 um
