2020 2668
225 112 463 157 VNICAM
495 112 852 155 VARIABILEM
877 110 1302 157 INVOLVENTES.
1373 125 1432 166 39

130 227 246 266 etiam
267 225 292 265 si
317 225 581 266 denominator
614 224 794 265 formulae
829 225 1076 265 differentialis
1112 225 1245 267 habeat
1280 228 1438 269 fictores

131 290 388 341 imaginarios,
406 290 466 342 qui
485 289 640 341 proinde
659 287 843 340 integralis
858 298 980 341 partes
1005 292 1206 341 producant
1252 291 1433 343 imagina-

130 354 218 401 rias,
241 363 368 390 tamen
389 362 513 391 totum
533 350 703 404 integrale
722 350 878 403 speciem
901 361 1043 390 tuntum
1064 353 1270 404 imaginarii
1290 366 1378 407 prae
1401 353 1435 393 se

129 414 219 454 feret
240 447 251 465 ,
280 424 389 466 atque
422 427 458 453 re
490 413 561 466 ipia
597 415 666 452 erit
697 414 877 465 quantitas
905 414 1019 453 realis.
1086 413 1143 454 Ita
1177 417 1340 457 vidimus
1373 417 1432 455 in·-

131 488 267 540 tegrale
303 485 407 526 huius
438 486 615 526 formulae
644 468 747 543 gx]
767 518 780 537 ,
819 487 844 526 si
877 487 1143 526 denominator
1181 501 1199 527 1
1217 498 1353 534 -†-xx
1393 492 1431 530 in

130 550 208 590 suos
225 549 379 589 faetores
395 548 578 602 [implices
604 551 841 601 imaginarios
871 561 889 587 1
906 556 968 596 -ὶ-
979 545 1092 590 xva
1106 562 1124 588 1
1150 562 1188 591 et
1212 563 1229 590 1
1245 548 1354 594 *κγ
1366 576 1392 582 —
1406 565 1425 592 1

129 612 323 653 reloluatur
342 644 351 662 ,
387 612 560 665 integrale
593 613 778 665 componi
810 624 859 651 ex
892 613 1032 653 duobus
1064 613 1297 666 lognrithmis
1335 616 1432 657 ima·

343 680 351 694 Ῐ

127 686 274 738 ginariis
308 702 398 739 3-ss
416 684 447 738 l(
467 697 484 722 1
502 680 703 730 —†-xV—
718 683 765 739 1)
783 703 826 710 -—
843 680 931 738 54¹:ss
948 684 982 731 l(
1002 681 1204 725 1——xV-
1219 701 1236 725 1
1254 686 1267 743 )
1286 691 1347 742 qui
1365 700 1430 729 au-

129 758 207 787 tem
243 747 348 787 simul
380 747 488 787 sumti
520 748 739 787 reducuntur
770 748 813 787 ud
846 749 1102 800 quadraturam
1123 750 1278 801 circuli,
1312 752 1361 792 ita
1388 761 1433 792 vt

129 811 306 863 integrale
337 810 378 850 fit
410 822 515 850 arcus
559 810 715 861 circuli,
760 810 861 849 cuius
893 819 1050 861 tangens
1079 812 1132 850 est
1162 823 1217 851 :t
1249 826 1281 854 x
1310 815 1433 867 polito

128 874 232 913 radio
263 885 319 911 :z
358 885 396 910 1.
461 869 563 911 Cum
596 873 707 924 igitur
740 871 891 924 quilibet
920 871 1039 911 nefor
1084 872 1245 926 fimplex
1295 878 1433 928 imagi-

128 937 247 974 narius
281 935 318 974 in
350 933 528 986 integrale
560 933 690 974 inferat
721 932 990 987 Iogirithmum
1025 935 1291 988 imaginarium
1310 971 1322 990 ,
1353 940 1436 979 iure

127 997 380 1037 concludimus
408 996 561 1036 cunctos
589 996 659 1036 hos
674 996 919 1049 Iogarithmos
940 996 1182 1050 imaginarios
1206 999 1315 1041 firnul
1332 1001 1428 1043 sum-

127 1069 184 1099 tos
215 1060 260 1100 ad
293 1059 551 1113 quadraturam
583 1059 704 1099 circuli
734 1059 871 1099 aliusue
903 1071 1036 1100 curuae
1066 1062 1186 1102 redire
1207 1096 1219 1114 ‚
1248 1076 1342 1117 quae
1367 1076 1433 1105 eo-

126 1135 211 1163 rum
246 1122 334 1162 loco
365 1123 546 1163 substituta
579 1122 747 1176 integrali
778 1121 941 1163 formam
971 1123 1111 1164 realem
1144 1126 1294 1167 inducat
1348 1125 1434 1169 De-

128 1186 412 1226 monstrabimus
444 1195 569 1225 autem
600 1196 735 1224 omnes
764 1185 1011 1237 logarithmos
1027 1187 1292 1242 imaginarios,
1311 1193 1432 1233 cuius-

127 1260 270 1300 cunque
302 1249 457 1287 demum
490 1248 557 1287 {int
597 1246 738 1286 formae
756 1278 771 1298 ,
816 1248 1030 1288 dummodo
1076 1251 1320 1302 quantitatem
1352 1267 1435 1296 rea-

127 1311 204 1351 lem
240 1310 422 1360 referant,
456 1309 503 1349 ad
542 1310 799 1362 quadraturam
850 1310 974 1349 circuli
1025 1313 1186 1352 reuocari
1218 1316 1347 1368 poste,
1380 1319 1433 1358 ita

128 1384 175 1413 vt
206 1373 343 1412 nullam
376 1372 486 1412 aliam
518 1374 770 1424 quadraturam
807 1372 1037 1412 introducere
1069 1373 1115 1413 fit
1154 1387 1259 1428 opus.
1314 1378 1431 1420 Hinc-

131 1447 201 1489 que
235 1436 376 1488 patebit
409 1434 533 1475 omnis
563 1433 744 1474 formulae
760 1434 1013 1474 differentialis
1032 1438 1221 1479 rationalis
1239 1471 1253 1492 ,
1276 1450 1324 1480 vt
1338 1455 1432 1483 cun-

129 1511 200 1552 que
231 1498 337 1537 suerit
370 1496 577 1549 composita
598 1529 611 1548 ‚
642 1496 815 1550 integrale
847 1510 915 1550 per
933 1498 1180 1551 logarithmos
1210 1511 1252 1542 et
1273 1506 1432 1557 quadra-

129 1571 248 1600 turam
281 1561 404 1600 circuli
437 1569 621 1613 perpetuo
649 1560 817 1599 exhiberi
849 1560 950 1615 pofle
969 1592 983 1613 ,
1030 1574 1145 1617 neque
1184 1565 1232 1605 ad
1263 1566 1339 1609 hoc
1372 1569 1432 1610 v1=

128 1624 204 1664 Iam
238 1624 349 1663 aliam
379 1624 636 1676 quadraturam
666 1623 813 1676 requiri.

245 1717 279 1765 §.
304 1728 374 1767 34.
406 1715 511 1757 Dico
529 1726 653 1756 autem
689 1726 923 1769 quotcunque
956 1718 1227 1762 denominator
1249 1720 1431 1767 formulae

127 1778 381 1821 differentialis
410 1780 616 1833 propositae
649 1778 781 1819 habeat
812 1779 968 1821 &stores
1016 1781 1199 1836 simplices
1246 1786 1426 1841 imagina-

129 1844 204 1884 rios
224 1873 233 1890 ,
265 1852 346 1882 tum
380 1855 510 1882 eorum
546 1854 745 1881 numerum
781 1841 927 1897 semper
959 1843 1028 1884 elle
1061 1858 1189 1899 parem
1209 1879 1223 1900 ‚
1255 1849 1432 1905 binosque

130 1919 180 1946 ex
213 1906 257 1945 iis
287 1905 434 1959 semper
465 1906 517 1945 ita
550 1904 620 1945 effe
653 1916 920 1957 comparatos,
951 1916 995 1946 vt
1028 1920 1159 1949 eorum
1200 1913 1429 1963 productum

129 1968 196 2008 fiat
229 1970 338 2009 reale.
404 1969 519 2024 Quod
549 1969 595 2008 ad
628 1980 825 2008 numerum
859 1981 991 2022 parem
1023 1971 1209 2013 fastorum
1248 1975 1432 2030 imagina-

127 2033 269 2073 riorum
300 2033 433 2074 attinet
447 2063 461 2085 ,
488 2032 529 2073 id
558 2032 713 2086 quidem
745 2031 823 2073 iam
854 2033 1005 2087 pridem
1037 2035 1179 2076 constat
1195 2068 1208 2090 ‚
1241 2048 1346 2092 atque
1367 2040 1433 2082 fir-

1260 2103 1435 2145 minimis
