2020 2668
533 116 622 162 300
739 111 821 155 DE
849 108 1297 156 ELECTRICITATE
1324 110 1390 156 1N
1417 106 1774 158 CORPORIBVS

529 226 590 268 sed
625 238 664 268 et
695 239 758 277 ω,
791 238 884 280 quae
917 226 1133 280 eam‚quia
1166 226 1254 267 tritu
1287 225 1556 278 emolliuntur,
1590 237 1666 267 non
1705 228 1845 268 admit-

531 300 642 342 tunt,
677 290 856 343 [imulque
888 301 910 328 a
943 290 1159 344 corporibus
1189 290 1386 344 originaria
1420 290 1670 331 ele-stricitate
1700 291 1846 334 donatis

528 354 770 394 electricitate
802 353 921 394 imbui
954 353 1167 396 sensibiliter
1197 353 1296 395 haud
1330 354 1479 408 possunt
1509 366 1543 394 e.
1565 366 1603 408 g.
1637 351 1778 395 sebum.

644 417 679 465 ς.
703 429 744 456 2.
779 416 992 470 Occupatus
1023 417 1251 459 instituendis
1284 427 1323 458 et
1353 417 1544 459 imitandis
1566 418 1842 472 experimentis

528 481 576 521 de
608 479 676 522 hac
709 480 808 522 dieta
843 482 1076 535 proprietate
1108 493 1316 537 corporum
1350 480 1491 522 offendi

597 542 637 598 1)
671 544 869 601 Quaedam
905 544 1199 598 phaenomena,
1233 556 1327 598 quae
1373 545 1421 585 ab
1469 545 1680 595 autoribus,
1714 545 1843 600 quide

527 607 770 648 electricitate
802 608 900 648 varia
934 618 1152 649 annotarunt
1176 618 1215 649 et
1249 606 1580 662 inuestigauemnt,
1609 620 1686 649 non
1717 608 1841 650 obser·

526 682 612 712 vata
647 672 785 712 inueni.
1021 700 1026 705 .

592 733 635 790 2)
671 735 829 777 Nouam
862 734 1089 777 methodum
1115 735 1322 778 commode
1340 734 1552 777 instituendi
1578 735 1842 789 experimenta

527 809 566 840 et
600 800 836 840 examinandi
871 812 1032 852 corpora
1053 832 1063 852 ,
1112 812 1207 854 quae
1256 800 1473 853 originariae
1516 808 1555 839 et
1594 799 1664 840 alia
1684 832 1695 852 ,
1744 811 1840 854 quae

526 863 752 903 deriuatiuae
784 863 1029 904 electricitatis
1062 862 1178 904 solum
1216 863 1368 916 capacia
1403 862 1491 903 sunt.

593 925 638 980 3)
672 924 748 967 Sub
782 925 992 967 mensuram
1025 928 1140 966 ctiam
1172 927 1396 980 aliquatenus
1428 925 1653 980 productam
1689 926 1837 969 elestn-

524 989 677 1031 citatem
712 1001 886 1030 reuocare
918 987 1057 1029 annilius
1089 989 1179 1029 stim.

587 1052 692 1093 Haec
727 1054 991 1106 qualiacunque
1033 1054 1235 1094 tentamina
1273 1064 1364 1092 cum
1405 1051 1576 1094 societate
1617 1055 1837 1095 communi-

523 1127 609 1157 care
640 1115 788 1156 animus
820 1116 886 1156 est.

637 1180 672 1229 §-
697 1187 737 1224 3.
773 1178 902 1219 Primo
935 1189 979 1218 ea
1011 1178 1270 1232 experimenta
1303 1178 1443 1219 imitari
1477 1178 1686 1220 consultum
1721 1180 1837 1233 duxi,

520 1255 617 1298 quae
650 1241 942 1284 admirationem
979 1242 1080 1283 orbis
1112 1243 1241 1282 eruditi
1276 1253 1351 1282 non
1383 1241 1501 1282 solum
1523 1274 1535 1291 ‚
1567 1241 1625 1282 sed
1660 1252 1701 1282 et
1727 1245 1836 1297 prin-

519 1308 651 1361 cipum
686 1303 928 1358 personarum
965 1315 1208 1357 meruerunt,
1241 1317 1278 1345 e.
1314 1318 1352 1360 g.
1406 1305 1524 1357 illud,
1555 1317 1632 1359 quo
1672 1318 1723 1346 ex
1757 1319 1835 1347 me-

519 1371 617 1412 tallis
667 1377 705 1411 et
739 1369 897 1410 homine
945 1368 1040 1422 ignis
1080 1379 1119 1408 ct
1161 1369 1224 1409 lux
1256 1381 1481 1423 concrepans
1527 1369 1707 1419 elicitur,
1759 1383 1836 1424 quo

519 1433 662 1487 spiritus
693 1432 773 1473 vini
805 1431 1002 1473 calefactus
1033 1432 1263 1484 accenditur·7
1299 1433 1396 1486 quod
1431 1445 1520 1472 cum
1552 1432 1711 1472 feliciter
1743 1446 1835 1487 per-

519 1497 671 1539 fecerim
692 1528 702 1545 ,
732 1494 916 1549 simulque
948 1508 1000 1536 ex
1031 1508 1123 1549 aqua
1154 1505 1192 1535 et
1225 1497 1308 1536 niue
1327 1507 1365 1535 et
1383 1495 1502 1550 glacie
1519 1496 1681 1536 eundem
1704 1498 1834 1550 iguem

516 1572 607 1602 cum
640 1560 929 1613 concrepatione
960 1559 1205 1599 coniunetum
1223 1559 1415 1600 elicuerim
1436 1591 1447 1610 ,
1480 1560 1596 1599 ctiam
1615 1559 1712 1610 alia,
1740 1573 1837 1614 quae

517 1623 608 1665 licet
641 1637 718 1665 non
752 1624 801 1663 ita
835 1623 870 1663 in
905 1622 1193 1664 admirationem
1229 1623 1377 1676 rapiunt
1410 1622 1687 1663 obseruatorem
1709 1653 1720 1672 ‚
1756 1624 1832 1665 sor-

517 1687 612 1728 taffis
643 1698 774 1729 tamen
810 1686 890 1739 plus
921 1687 1058 1727 ficiunt
1090 1685 1135 1725 ad
1168 1684 1379 1726 dostriuam
1413 1688 1459 1726 de
1477 1685 1720 1726 electricitate
1748 1700 1833 1728 am·

515 1751 760 1805 plificandam
794 1759 833 1789 et
864 1749 1127 1804 explicandam
1160 1750 1292 1790 institui
1327 1751 1483 1802 optimo
1513 1762 1599 1790 cum
1633 1748 1797 1791 successu.

632 1817 665 1864 §.
689 1831 729 1864 4.
767 1813 908 1854 Mensis
941 1812 1128 1854 Februarii
1163 1811 1266 1853 huin<
1298 1814 1382 1852 anui
1422 1822 1535 1863 1745
1573 1813 1683 1853 initio
1707 1823 1828 1854 teuta-

516 1879 664 1919 minum
700 1878 847 1918 initium
899 1876 967 1917 feci
1008 1878 1044 1916 iu
1077 1875 1200 1916 domo
1234 1877 1352 1930 lignea
1388 1888 1424 1917 et
1461 1878 1588 1930 primo
1635 1875 1717 1915 vsus
1750 1876 1829 1917 sum

516 1941 611 1981 tubis
662 1942 786 1981 vitreis
818 1941 863 1980 ad
897 1939 1135 1981 excitandam
1170 1940 1448 1981 elerstricitatcm
1472 1972 1481 1989 ,
1517 1939 1687 1979 manibus
1736 1952 1831 1980 vcro

516 2014 554 2043 et
588 2004 746 2045 brachiis
795 2003 970 2057 frequenti
1002 2003 1177 2045 tuborum
1230 2003 1312 2043 tritu
1347 2001 1655 2056 laugueiccntibus
1689 2015 1726 2042 ct
1760 2005 1830 2043 do-

514 2067 703 2120 lentibuS,
730 2066 865 2123 ⁴sedulo
896 2067 1091 2121 cogitaui,
1131 2077 1203 2122 qua
1249 2066 1394 2106 ratione
1436 2064 1616 2107 Machina
1658 2066 1827 2107 electrica

1711 2142 1829 2185 quam
