2020 2668
334 97 530 148 PRODV
529 97 647 144 CEN
649 98 737 144 DA
769 93 890 142 NOV
888 94 930 141 A
961 89 1326 143 TENTAMINA.
1429 101 1450 139 3
1462 104 1479 131 1
1490 99 1521 140 7

218 216 342 258 caudis
373 214 562 257 fulciendis
580 247 592 267 ‚
623 213 780 256 altitudo
812 211 925 253 trium
957 210 1164 252 minimum
1197 207 1402 263 digitorum
1428 219 1521 250 con-

220 281 383 322 cedatur.

583 366 880 448 Experim.
923 364 1169 426 XXVII.

333 485 458 530 Stante
488 485 644 527 homine
675 486 716 526 in
745 486 858 526 resina
891 496 1010 539 prope
1028 483 1192 538 pondera
1226 482 1270 541 3)
1302 483 1433 528 iuntsto
1456 486 1524 528 ba-

220 551 305 593 culo
334 552 460 605 ligneo
491 560 648 603 quatuor
698 550 810 602 pedes
850 549 968 601 longo
1017 560 1104 588 cum
1139 547 1252 588 maffi
1301 548 1413 590 ferrea
1451 549 1524 606 3),

220 615 461 655 ele&ricit21te
498 623 568 662 25.
600 625 654 666 gr.
690 613 877 663 excitata,
912 620 950 650 et
981 611 1099 663 digito
1145 610 1297 652 homini
1337 613 1376 653 in
1410 608 1526 655 resma

220 679 325 718 stanti
355 679 513 718 admoto
545 675 695 716 scintilla
726 686 953 728 concrepans
982 673 1177 714 imbecillis
1208 684 1289 715 orta
1321 675 1374 717 est
1406 677 1527 718 indice

219 741 466 781 electricitatis
498 740 693 779 recedente
725 738 771 778 ad
804 750 860 790 gr.
897 750 969 777 22.
1004 737 1159 789 reliquus
1205 747 1403 791 apparatus
1434 751 1527 794 ergo

221 803 481 843 eled'trificatus
526 800 730 855 possidebat
788 800 908 840 adhuc
940 813 996 854 gr.
1049 799 1298 840 eleetricitatis
1351 813 1422 841 22.
1481 799 1523 843 Si

221 866 364 919 lignum
397 865 614 918 tangebatur
648 876 764 904 manu
797 876 873 903 non
905 861 1141 904 elec'trificata
1170 862 1300 904 lumen
1318 864 1453 918 absque
1471 864 1529 905 so·

220 941 272 968 no
300 929 337 967 in
369 929 526 967 tenebris
556 927 592 966 in
625 927 768 979 punsto
801 926 992 966 cont-astus
1024 923 1279 965 obseruabatur
1308 926 1383 966 fine
1425 926 1528 968 senfi-

218 989 284 1031 bili
318 990 448 1030 indicis
495 987 708 1029 receffione.
791 986 832 1028 Si
862 987 1006 1040 lignum
1054 987 1254 1028 humidum
1305 981 1530 1043 adhibetur,

220 1053 313 1106 ignis
341 1064 570 1106 concrepans
602 1051 806 1091 vehemens
837 1051 941 1091 tacto
974 1050 1134 1091 homine
1175 1050 1419 1092 elec‘trificato
1451 1053 1529 1092 ori-

220 1124 280 1155 tur
311 1125 350 1155 et
382 1115 601 1156 elec‘tricitas
635 1124 711 1154 tota
745 1113 883 1154 subiecu
917 1115 1025 1154 omni
1067 1113 1261 1166 apparatui
1308 1114 1528 1155 eletstrifica·

221 1187 265 1218 to
294 1177 462 1218 aufertur.
527 1177 695 1229 Lignum
730 1175 818 1215 hinc
850 1176 986 1216 ficcum
1021 1188 1098 1216 non
1130 1174 1182 1215 est
1215 1184 1347 1228 aptum
1380 1176 1530 1218 elestri-

225 1241 327 1280 citati
358 1240 499 1280 fortiori
532 1240 761 1280 deriuandae.
837 1238 946 1279 Idem
982 1240 1019 1278 in
1050 1237 1190 1279 funibus
1239 1239 1340 1279 ssecis
1368 1253 1417 1280 ex
1446 1241 1528 1282 lino

224 1313 262 1343 et
295 1304 506 1344 cannabinis
526 1334 536 1354 ‚
571 1303 607 1342 in
641 1301 781 1342 funibus
809 1302 928 1343 sericis
955 1302 1127 1342 coloratis
1145 1313 1240 1342 vero
1259 1303 1433 1344 maxime
1456 1304 1528 1346 ob-

223 1364 395 1408 struatur.

567 1467 861 1548 Experim.
904 1465 1168 1527 XXVIII.

339 1584 468 1626 Phiala
498 1586 619 1626 vitrea
651 1598 738 1626 cum
773 1586 874 1626 collo
906 1586 1047 1639 pedem
1095 1585 1217 1626 Lond.
1252 1594 1290 1625 et
1322 1586 1527 1629 dimidium

227 1647 372 1702 longo,
403 1648 430 1689 fi
462 1650 501 1688 in
532 1648 752 1690 fulcimento
787 1649 905 1689 ferreo
951 1649 1112 1690 laminae
1144 1648 1281 1689 ferreae
1314 1648 1357 1705 3)
1409 1663 1530 1704 pone-

224 1711 335 1754 batur
353 1744 364 1763 ,
396 1719 434 1751 et
464 1712 597 1753 deinde
628 1711 845 1753 electricitas
877 1724 931 1766 gr.
967 1724 990 1750 2
999 1722 1038 1760 5.
1082 1712 1312 1753 excitabatur
1330 1745 1341 1764 ,
1381 1714 1530 1756 orificio

229 1774 303 1814 eius
334 1775 532 1815 admotum
563 1775 699 1816 ferrum
735 1775 862 1815 lumen
911 1776 1115 1815 exhibebat
1165 1787 1252 1815 cum
1291 1775 1382 1816 sono
1413 1790 1529 1832 quem

229 1848 322 1890 aqua
354 1838 431 1877 edit
462 1836 486 1877 s1
519 1840 702 1891 coquitur.
762 1838 847 1877 Post
881 1838 978 1878 bene
1010 1839 1227 1878 exsiccatam
1261 1838 1429 1891 phialam
1464 1853 1531 1882 ne·-

227 1911 297 1952 que
328 1898 458 1940 lumen
489 1913 607 1954 neque
639 1901 768 1941 stridor
802 1900 1055 1941 obseruabatur
1086 1902 1262 1941 examine
1302 1901 1438 1943 iterum
1472 1904 1530 1943 in-

230 1962 366 2003 stituto.
401 1961 448 2003 In
481 1964 572 2004 valis
604 1964 796 2004 metallicis
827 1964 964 2016 angusti
998 1964 1086 2003 colli
1117 1965 1220 2004 idem
1252 1965 1382 2005 stridor
1413 1976 1451 2007 et
1467 1979 1531 2008 ea-

232 2024 322 2066 dem
354 2024 419 2067 lux
450 2026 657 2069 obseruatur
676 2059 688 2080 ‚
719 2027 771 2068 ast
801 2038 934 2080 corpus
965 2027 1194 2068 metallicum
1230 2037 1272 2078 5.
1304 2028 1371 2069 vel
1400 2030 1463 2069 sex
1487 2029 1531 2070 li·

789 2090 826 2132 R
860 2102 879 2130 r
915 2102 939 2141 3
1446 2104 1532 2132 neas
