2020 2668
556 101 716 148 NVMI
743 100 1104 150 ILLVSTRATJ.
1408 112 1501 162 351²

203 225 310 261 mum
335 251 346 271 ,
379 216 415 257 fn
448 215 535 257 serie
568 216 837 271 imperatorum
857 249 868 269 ,
900 229 995 270 quae
1025 216 1195 258 tractatui
1227 212 1272 259 de
1313 225 1390 260 vet.
1432 234 1503 263 nu-

203 285 319 322 mism.
352 287 424 334 pot.
458 287 494 320 et
523 280 620 333 qual.
673 278 827 319 subiet‘h
846 312 856 330 ‚
905 289 973 332 et,
1022 291 1066 320 vt
1097 280 1174 334 ipse
1206 293 1277 322 nos
1308 282 1447 336 docet,
1478 297 1502 326 a

202 342 566 384 BAVDELOTIO
596 343 642 382 de
678 341 934 384 DAIRVAL
967 342 1198 395 potiffimum
1235 355 1386 398 accepta
1416 347 1466 387 est
1487 357 1504 385 ι·

200 408 300 447 euius
331 413 416 446 tom.
450 405 512 447 11.
542 413 635 459 pag.
674 415 778 452 375.
813 406 973 445 totidem
1005 406 1166 458 apicibus
1194 407 1325 446 exstat.
1389 407 1431 449 Si
1452 410 1499 450 de

201 468 275 509 hoc
309 466 456 508 Graeco
488 468 616 508 omnia
647 468 806 508 omnino
854 463 1050 508 certiffima
1081 469 1178 517 sint,
1229 482 1309 509 non
1359 472 1506 524 poterit

156 525 159 528 ’
198 541 326 571 tamen
358 529 502 570 efficere
521 562 532 582 ,
567 539 612 570 vt
644 530 798 581 Latini,
831 530 903 570 sme
943 531 1016 571 hoc
1056 532 1169 572 tertio
1203 535 1359 572 nomine
1378 565 1399 584 „
1421 547 1498 575 non

196 595 375 646 pertinere
406 593 452 632 ad
486 593 589 633 illam
625 593 842 633 iudicentur.
907 591 1115 645 Crispinum
1137 625 1148 644 ,
1168 592 1375 635 Commodi
1396 609 1494 637 vxo-

195 668 275 696 rem
297 687 308 706 ‚
342 666 485 706 nemo,
521 656 619 708 quod
651 657 820 695 nouerim
841 687 851 707 ‚
886 657 922 695 in
956 655 1093 695 Latino
1124 658 1350 698 numismate
1400 658 1496 701 vidit

195 731 286 758 cum
317 715 604 758 BRVTTIAE
636 719 806 758 nomine.
873 718 1047 758 Eandem
1080 728 1207 759 tamen
1248 720 1319 762 10.
1361 722 1497 765 HAR-

195 778 406 822 DVINVS
440 792 488 819 ex
520 792 611 832 gaza
643 779 693 820 sui
723 781 819 833 regis
850 793 929 820 vno
962 783 1172 835 exemp103
1225 783 1284 823 sed
1333 785 1496 837 pluribus

191 843 324 883 deinde
356 841 473 884 NIC.⁴
503 843 584 883 FR.
618 841 875 884 HAYMIVS
909 846 947 883 in
977 841 1067 895 thes.
1101 845 1275 885 Britann.
1309 859 1494 899 compro-

191 901 318 955 batlit,
351 905 526 944 omnibus
559 906 707 958 quidem
742 903 925 957 Graecis,
956 906 1031 945 hoc
1065 907 1222 946 nomine
1250 907 1349 947 fuifle
1368 908 1488 950 vsam.

189 964 253 1006 Sic
284 965 453 1006 Fuluiam
486 967 691 1007 Plautill'am
724 977 762 1006 et
793 968 961 1007 Anniam
1010 967 1247 1008 Etruscillam
1289 978 1345 1009 ex·
1372 968 1493 1011 Grae-

189 1030 238 1068 cis
268 1029 444 1069 duntaxat
478 1029 679 1081 nouimus,
713 1042 826 1082 quum
860 1028 1003 1069 Latinis
1033 1041 1158 1070 numls
1190 1039 1335 1072 tantum
1385 1033 1490 1073 Plau-

187 1090 305 1131 tsslam
338 1101 376 1131 et
405 1092 636 1131 Herennium
671 1091 902 1132 Etruscillam
938 1093 1175 1132 nouiffemus.
1242 1094 1344 1134 Phua
1383 1094 1492 1136 huius

186 1154 326 1206 generis
357 1154 488 1206 sponte
522 1153 589 1193 sese
620 1154 787 1206 ingerent
820 1156 943 1207 gnauis
976 1156 1026 1193 rei
1059 1156 1338 1196 numismaticae
1370 1152 1489 1198 culto*-

185 1217 308 1256 ribus:
343 1226 386 1256 vt
419 1216 478 1256 hie
511 1217 736 1256 cumulandis
769 1217 812 1255 iis
842 1216 1065 1268 ihpersedere
1097 1217 1219 1256 liceat.

301 1279 475 1318 Tandem
510 1278 596 1318 illud
630 1281 743 1318 ctiam
778 1280 939 1330 adiicio,
974 1291 1037 1318 me
1071 1279 1174 1318 illam
1197 1277 1387 1322 Galeriam
1408 1280 1486 1323 Va-

184 1341 311 1381 leriam
334 1373 344 1392 ,
375 1353 464 1393 quae
497 1341 723 1381 Herculeum
755 1351 928 1381 ornatum
970 1341 1158 1394 praesert,
1207 1344 1307 1382 dono
1354 1344 1481 1385 illustr.

184 1402 327 1445 FRID'.
381 1403 686 1445 HOFMANNI
734 1406 901 1455 debere3
936 1405 991 1443 cui
1027 1405 1184 1455 gratiam
1221 1405 1488 1457 Imbebunt,fi>

184 1478 275 1518 quos
307 1467 442 1507 eximii
474 1476 512 1507 et
546 1465 839 1521 praestantiffimi
882 1467 1112 1507 numismatis
1157 1467 1370 1522 conspectus
1418 1470 1486 1511 des--

183 1527 384 1569 leetauerit.

1277 2089 1484 2141 NVMVS·
