2020 2668
351 67 744 115 PRODVCENDA
773 64 925 113 NOVA
967 64 1342 112 TENTAMINA.
1442 80 1528 118 ³0¹

235 194 347 237 quam
379 180 610 224 Grauefimde
643 182 679 222 in
711 181 840 223 Elem.
874 181 1042 235 physices
1073 179 1353 222 mathematicis
1402 179 1533 221 descri-

234 246 289 285 bit
320 245 366 285 fic
398 245 521 286 instrui
554 244 701 297 postet,
732 254 773 284 vt
803 242 861 284 illa
893 244 1101 285 commode
1134 244 1193 283 vti
1227 243 1403 283 valerem.
1432 243 1532 299 Quia

233 307 407 347 conclaue
428 341 438 359 ‚
472 319 549 361 quo
583 307 767 347 instituere
799 305 970 347 volebam
1004 307 1263 360 experimenta
1283 338 1293 356 ,
1322 305 1432 346 cellae
1458 307 1530 346 im-

234 371 399 410 minebat
418 402 428 420 ,
461 370 609 423 sphaera
649 382 716 422 per
765 368 978 409 machinam
1038 368 1200 409 celeriter
1247 370 1530 422 circumgirata,

231 432 533 473 concutiebantur
564 431 683 473 ferme
715 431 846 471 omnia
878 431 1113 484 supellectilia
1132 463 1143 482 ‚
1194 432 1283 484 quin
1312 431 1380 485 ipfi
1413 432 1529 485 parie-

232 503 287 534 tes
319 495 430 547 lignei
464 495 597 535 domus
617 526 627 545 ,
659 504 697 534 et
728 493 843 534 resina
865 525 876 544 ‚
909 507 980 548 qua
1012 507 1101 536 axes
1133 493 1272 534 firmati
1303 503 1404 534 erant
1424 527 1435 546 ,
1475 496 1532 534 in-

231 556 493 598 calescentibus
522 558 631 597 celeri
665 564 774 597 motu
791 556 946 607 axibus,
980 558 1103 597 mollis
1120 556 1365 607 reddebatur,
1396 566 1440 597 vt
1459 554 1534 610 p0·f

229 619 255 658 li
289 619 395 659 situm
429 628 614 660 mutarent
644 629 679 659 et
711 628 836 658 motus
867 619 1023 659 oriretur
1047 618 1240 669 vacillans,
1274 619 1499 660 electricitati
1518 650 1534 671 ‚

230 691 274 721 vt
308 683 460 734 quidam
510 681 662 721 afferunt
711 681 846 721 noxius
877 693 911 720 e.
946 694 983 734 g.
1027 680 1151 722 Claris.
1190 680 1286 720 Bole
1317 682 1358 721 in
1407 679 1532 721 Com-

229 746 417 784 mentariis
448 744 494 785 de
525 743 777 785 electricitate.
842 742 888 783 In
919 744 1091 784 machina
1135 743 1308 784 elee‘trica
1345 745 1382 784 id
1433 743 1530 784 mihi

227 806 342 846 etiam
377 808 559 847 eximiam
591 806 798 847 molestiam
830 806 976 846 creabat
994 839 1005 859 ,
1038 807 1138 860 quod
1180 806 1320 859 saepius
1367 807 1528 858 cogebar

222 867 329 908 fimes
356 869 514 909 detritos
546 879 584 908 et
616 870 796 909 laceratos
824 877 966 908 mutare
984 901 996 920 ,
1029 868 1091 908 vel
1123 867 1268 907 laxatos
1317 868 1452 908 arc‘tius
1483 868 1528 907 li-

223 942 308 982 gare
326 962 337 981 ‚
376 932 475 983 quod
515 930 694 970 dimidiae
742 930 858 969 home
890 930 992 970 hibor
1023 940 1113 970 erat.
1180 929 1369 970 Omnibus
1401 929 1457 970 his
1491 929 1529 970 in

222 994 439 1033 commodis
480 992 671 1033 medelam
721 992 849 1032 afferre
889 992 1075 1032 volebam.
1139 992 1265 1032 Paucis
1315 991 1531 1044 enarrabo,

223 1055 420 1107 quomodo
460 1054 677 1096 machinam
727 1054 801 1094 vsui
833 1055 1215 1096 accommodauerim.
1279 1054 1388 1095 Loco
1437 1054 1533 1094 funis-

228 1122 296 1156 10.
332 1118 473 1170 pedum
505 1117 631 1158 Lond.
667 1126 791 1156 rotam
831 1117 1124 1169 circumdantis,
1162 1117 1255 1170 elegi
1286 1116 1413 1157 funem
1453 1120 1526 1156 28.

224 1180 310 1232 Ped.
346 1180 406 1231 qui
440 1175 557 1219 >ferme
584 1188 640 1219 ter
671 1180 804 1219 diutius
837 1180 876 1218 in
906 1180 1045 1232 aequali
1078 1189 1190 1220 motu
1219 1180 1351 1220 durare
1381 1179 1525 1230 debet,

221 1241 311 1282 duxi
344 1242 450 1281 illum
484 1242 580 1281 circa
612 1242 696 1281 axin
732 1241 882 1294 spharae
933 1242 1068 1282 vitreae
1089 1274 1100 1293 ,
1150 1251 1275 1282 rotam
1326 1241 1528 1282 machinae

220 1313 259 1344 et
293 1304 500 1344 trochleam
520 1336 531 1355 ,
564 1315 738 1344 extrema
773 1303 842 1344 filo
874 1302 978 1343 lineo
1018 1310 1110 1344 bene
1150 1303 1275 1356 ligaui.
1339 1303 1526 1344 Trochle-

221 1378 284 1407 am
317 1378 413 1406 vero
444 1378 532 1406 cum
569 1366 645 1406 alio
677 1366 760 1406 fune
792 1365 896 1405 iunxi
928 1375 966 1405 et
999 1366 1134 1407 deinde
1175 1366 1315 1407 adduxi
1364 1367 1489 1407 funem
1511 1398 1523 1417 ‚

207 1438 258 1473 ‚et
289 1429 435 1469 firmaui
461 1430 555 1469 circa
574 1429 719 1469 clauum
740 1428 931 1469 robustum
950 1427 1108 1469 ferreum
1128 1429 1382 1469 immobilem.
1420 1427 1523 1470 Cum

220 1488 412 1544 sphaeram
461 1492 757 1543 circum-agerem
777 1522 788 1541 ,
839 1500 920 1531 rota
955 1491 992 1531 in
1026 1491 1168 1532 duobus
1199 1492 1352 1532 minutis
1400 1490 1530 1532 secun-.

220 1553 276 1593 dis
307 1553 417 1594 semel
453 1554 672 1594 circuma6ta
693 1587 704 1604 ,
735 1552 886 1606 sphaera
904 1554 1102 1595 duodecim
1122 1554 1262 1594 vicibus
1286 1550 1522 1594 circumibat,

218 1616 326 1656 Hanc
358 1616 589 1656 celeritatem
623 1616 809 1656 obferuaui
851 1616 1011 1657 sufficere
1051 1617 1313 1670 experimentis
1331 1648 1342 1667 ‚
1391 1616 1523 1670 sphae-

216 1691 373 1731 tamque
413 1678 484 1719 sine
523 1679 754 1719 concuffione
804 1679 999 1719 machinae
1045 1679 1139 1720 circa
1171 1680 1260 1719 axin
1307 1678 1381 1719 fine
1413 1688 1524 1721 motu

217 1742 379 1780 nimium
418 1741 618 1781 vacillante
666 1741 760 1782 ferri.
828 1741 1027 1795 Postquam
1060 1742 1134 1782 hoc
1181 1740 1520 1783 animaduertissem

214 1804 321 1843 tubos
352 1805 491 1843 vitreos
523 1804 631 1856 plane
666 1803 816 1855 neglexi
851 1813 888 1842 et
919 1805 1178 1856 experimenta
1210 1816 1299 1844 cum
1334 1805 1428 1844 tubo
1460 1805 1517 1844 vi-

214 1874 295 1905 treo
329 1866 485 1905 moleste
515 1867 677 1906 instituta
697 1898 708 1918 ‚
743 1864 917 1906 machina
949 1865 1049 1907 dista
1082 1867 1215 1922 repetii
1251 1864 1454 1909 reliciffime
1479 1876 1523 1907 et

216 1927 285 1968 alia
318 1929 433 1970 multa
465 1928 601 1971 addidi.

781 2052 930 2108 1³9³
1399 2057 1434 2106 §-
1475 2067 1516 2106 5.
