2020 2668
300 91 380 135 nr
400 86 644 147 ΙΡιττικιΤΑ
672 88 1001 137 owrnvosA
1046 88 1340 138 marnam.
1406 106 1489 147 215

317 205 351 253 §.
377 215 446 254 ις.
481 202 644 258 Cognita
683 204 836 259 pituitae
873 203 1071 258 glutinosae
1108 213 1231 246 natura
1251 237 1262 256 ,
1312 215 1490 259 quantum

204 277 273 320 per
303 266 573 308 obseruationes
613 277 651 308 et
683 268 943 322 experimenta
974 268 1079 308 licuit
1097 299 1110 320 ‚
1149 276 1188 307 et
1218 267 1313 308 illius
1345 269 1494 321 origine

203 329 417 381 probabili,
454 329 562 371 liceat
600 330 738 384 aliquas
778 330 1029 371 conclusiones
1067 329 1260 371 annectere
1276 362 1288 382 ,
1335 343 1492 384 quarum

203 389 281 430 vsus
311 392 350 431 in
382 391 651 445 physiologiam
685 402 723 432 et
754 391 1013 445 pathologiam
1046 393 1251 434 redundare
1289 392 1383 433 sorte
1415 406 1492 447 po<

201 453 300 495 terit.
362 454 415 494 Et
454 454 580 507 primo
605 449 767 508 quidem
800 467 881 495 non
913 456 1188 508 praetereunda·
1208 454 1308 508 mihi
1340 455 1492 508 videtur!

201 515 402 556 differentia
434 516 593 557 duorum
624 516 860 570 fingularium
892 517 1170 570 characterum,
1202 530 1275 572 qua
1292 517 1491 571 humores,

200 578 263 616 alii
295 580 340 618 ad
372 590 472 618 nares
504 589 542 619 et
573 579 758 632 laryngem
778 611 789 631 ‚
836 579 900 620 alii
931 592 1023 620 vero
1042 612 1053 632 ‚
1103 581 1148 622 ad
1182 593 1252 632 OS,
1291 579 1458 634 palatum
1479 613 1491 634 ‚

199 649 238 678 et
254 639 509 693 oesophagum
542 642 767 694 pertinentes
799 643 893 682 inter
908 640 943 682 se
975 643 1250 695 distinguuntur.
1316 643 1381 684 lsti
1411 643 1492 697 qui·

198 702 288 741 dem
309 703 370 742 sibi
405 703 549 754 relicti,
584 703 789 756 simplices,
822 713 1012 756 tamquam
1046 707 1177 745 inertia
1208 717 1368 759 corpora
1399 717 1491 760 pau-

197 764 347 804 ciffimis
378 765 540 818 partibus
573 765 828 817 heterogeneis
846 798 857 817 ,
889 765 1006 806 salinis
1037 767 1212 807 oleofisue
1243 768 1491 822 impraegnati

196 826 266 865 elle
287 828 474 877 videntur,
507 827 568 867 vel
598 827 714 866 ffiltim
749 828 856 878 tales,
887 839 1047 880 quorum
1079 838 1204 881 partes
1235 830 1286 869 ob
1312 831 1487 871 intimam

196 888 387 928 misturam
427 887 524 928 suam
563 888 760 928 difficulter
802 890 1060 929 extricantur:
1112 889 1155 930 hi
1192 899 1322 930 contra
1362 891 1492 932 talibus

193 950 379 1002 particulis
409 950 592 990 vberrime
624 950 800 990 scatentes
827 959 931 990 tanto
962 950 1096 992 flacilius
1126 951 1173 992 ad
1205 954 1489 1007 corruptionem

192 1020 232 1051 et
262 1012 498 1065 putredinem
530 1012 698 1053 tendunt.
765 1010 940 1066 Cumque
970 1012 1076 1054 saliua
1109 1023 1149 1054 et
1179 1014 1313 1068 reliqui
1340 1015 1492 1070 cognati

193 1073 372 1114 humores
386 1075 426 1114 in
457 1087 548 1114 enm
581 1074 701 1115 finem
733 1073 967 1128 potissimum
1001 1076 1214 1129 comparati
1245 1077 1341 1129 sint,
1372 1088 1418 1118 vt
1433 1079 1490 1119 lu-

193 1136 292 1177 brica
321 1136 494 1177 laeuitate
524 1136 582 1176 sua
615 1138 716 1178 viam
750 1136 1014 1179 transeuntibus
1051 1138 1144 1178 cibis
1190 1151 1232 1179 ac
1273 1141 1492 1192 potionibus

192 1198 395 1240 faciliorem
429 1199 609 1250 reddant,
643 1208 683 1239 et
713 1199 936 1240 admistione
967 1200 1026 1241 sua
1058 1202 1197 1253 partim
1231 1200 1397 1254 saporem
1418 1214 1492 1243 ex-

191 1261 304 1301 citent
321 1294 332 1313 ,
363 1263 501 1314 partim
534 1261 776 1302 affumtorum
815 1262 1009 1303 molestam
1050 1262 1202 1304 subinde
1239 1264 1487 1305 acrimoniam

191 1323 422 1364 obtundant:
456 1324 512 1364 isti
544 1325 688 1363 narium
722 1335 761 1364 et
794 1325 952 1377 laryngis
984 1327 1087 1365 muci
1126 1337 1149 1365 e
1180 1327 1370 1366 contrario
1402 1327 1487 1380 glu-

193 1387 308 1426 tinosa
346 1386 537 1426 tenacitate
579 1385 636 1426 sua
676 1386 824 1426 effluuia
865 1384 1072 1428 olfacientia
1089 1419 1101 1439 ,
1143 1387 1284 1440 aliaque
1324 1400 1488 1442 corpora

191 1447 388 1500 spiratione
420 1449 510 1489 aeris
542 1449 783 1502 vndecunque
814 1449 968 1489 attracta
998 1450 1094 1490 adeo
1126 1450 1362 1502 pertinaciter
1393 1452 1485 1492 irre-

189 1516 283 1551 t'iunt
301 1543 312 1563 ,
350 1521 394 1551 vt
431 1520 515 1551 tuto
551 1520 722 1551 caueatur
741 1543 752 1564 ,
790 1523 839 1551 ne
870 1512 1060 1565 quidpiam
1100 1512 1325 1566 pulmonum
1364 1515 1487 1556 motui

189 1574 357 1614 infestum
390 1573 498 1614 facile
530 1573 705 1613 illabatur.
779 1611 783 1614 ,

302 1637 335 1684 §.
358 1641 428 1675 16.
463 1636 636 1676 Alterum
668 1636 719 1676 est
737 1667 748 1688 ,
778 1629 951 1689 pituitam
983 1635 1143 1690 laryngis
1173 1636 1244 1677 esse
1275 1649 1380 1678 mere
1412 1651 1482 1679 ex-

187 1699 456 1738 crementitiam
479 1728 490 1746 ‚
541 1698 578 1738 id
609 1698 686 1748 est,
737 1699 851 1738 talem
883 1699 1001 1752 qualis
1051 1700 1095 1739 ad
1127 1701 1295 1752 corporis
1324 1700 1483 1740 substan·

188 1761 281 1800 tiam
314 1760 547 1801 nutriendam
587 1771 665 1799 non
701 1762 863 1813 amplius
899 1771 985 1814 apta
1017 1761 1083 1801 cst.
1153 1761 1335 1816 Quamuis
1372 1765 1479 1804 enim

188 1822 264 1862 vsui
296 1823 398 1876 supra
431 1831 648 1863 memorato
680 1823 878 1864 inserui-at:
919 1832 1047 1863 tamen
1067 1855 1078 1874 ‚
1121 1823 1146 1863 fi
1186 1824 1318 1864 diutins
1351 1837 1475 1866 mora-

180 1895 286 1925 ,retur
315 1894 376 1924 aut
404 1885 584 1938 copiofius
614 1886 902 1926 accumularetur
922 1915 934 1930 ‚
973 1898 1051 1926 non
1085 1885 1151 1926 nisi
1181 1887 1325 1938 spiritus
1364 1887 1479 1928 inter-

187 1947 392 1986 clulionem
412 1980 424 1999 ,
457 1957 495 1987 et
529 1948 690 1989 aliorum
722 1947 923 1988 osculorum
957 1947 1214 1988 exhalantium
1258 1949 1480 1991 obstructio-

190 2020 277 2048 nem
312 2011 460 2050 tandem
493 2008 690 2063 efficeret;
725 2022 883 2064 cumque
915 2010 1013 2050 nulla
1048 2011 1110 2050 via
1144 2020 1268 2063 pateat
1301 2024 1367 2065 per
1399 2013 1478 2066 pnl-

1345 2087 1482 2114 mones·
