2020 2668
194 97 280 143 DE
293 96 418 141 CAL.
437 93 515 141 AC
530 92 778 141 FRIGORE
801 94 898 152 „EX
899 96 945 140 P.
963 92 1147 142 VARIA
1171 90 1375 142 FACTA.
1404 108 1489 142 εει

312 210 345 260 ς.
367 211 575 266 4.,Κεΐεῑῐ
607 211 812 252 Mariottus
830 242 842 263 ,
871 211 912 251 in
934 217 1191 265 commentar.
1225 209 1327 250 acad.
1364 208 1494 250 scient.

200 275 305 328 paris.
335 284 444 318 torno
469 276 522 316 X.
545 286 631 328 pag.
657 285 755 322 5¹1·
798 273 834 314 se
868 272 1057 313 vasculum
1089 284 1183 325 aqua
1214 272 1402 326 repletum
1434 272 1499 312 tri-

198 339 280 390 gori
314 337 521 390 exposuisse
555 338 726 388 tamdiu,
757 336 881 377 donec
913 336 1057 376 summa
1089 336 1165 375 eius
1191 333 1400 388 superficies
1416 347 1499 376 cru-

200 402 250 440 sta
282 399 424 452 glaciali
457 399 619 440 obducta
650 399 779 439 fuisset.
854 398 970 454 Quod
1010 409 1099 438 cum
1137 399 1374 452 contigiffet‚
1410 410 1495 452 per-

197 462 291 502 fodit
322 462 480 502 crustam
513 462 704 515 glacialem
746 474 810 502 acu
836 460 1052 519 grandiori,
1084 469 1123 500 et
1156 462 1278 513 vidit,
1320 460 1391 502 hac
1432 473 1497 502 ce-

200 525 324 565 leriter
373 525 536 564 extract-a
554 557 565 577 ‚
615 524 818 564 insecutum
861 524 957 564 fuisse
1019 535 1089 576 per
1127 522 1397 565 foraminulum
1446 524 1497 565 fa-

201 588 307 627 &tum
357 587 495 627 iac‘tum
537 600 652 641 aquae
693 588 785 627 duos
832 587 983 640 pollices
1014 587 1149 627 altum.
1222 587 1307 628 Hoc
1346 587 1500 640 experi-

201 660 374 689 mentum
397 682 408 701 ,
463 661 554 690 cum
594 650 632 690 id
663 650 701 690 d.
732 652 804 688 26.
840 649 995 690 Ianuarii
1032 658 1163 699 1739.
1197 650 1253 690 bis
1284 649 1492 703 tentassem,

198 712 293 751 mihi
328 724 408 751 non
437 710 606 752 successit.
682 710 857 765 Suspicor
894 713 1017 765 itaque
1066 711 1377 764 phaenomenum
1420 724 1501 753 ma-

195 776 403 815 riottIanum
435 784 560 814 ortum
593 773 692 814 fuiffe
724 775 861 814 exi-nde
877 806 890 826 ‚
931 775 1033 827 quod
1066 775 1234 816 manibus
1263 774 1497 825 calidioribus

195 837 377 876 vasculum
408 836 698 889 apprehenderit
715 868 726 888 ,
767 847 876 889 atque
916 836 964 876 fic
1003 848 1056 875 ex
1085 836 1163 876 hoc
1199 837 1322 877 calore
1354 849 1496 890 expan-

196 898 341 938 sionem
374 909 489 951 aquae
506 930 518 949 ‚
560 897 653 938 infra
693 898 852 938 crustam
884 897 1078 951 glacialem
1110 907 1309 939 contentae
1327 932 1339 951 ,
1371 900 1498 939 conci-

193 959 335 1000 liauerit
350 992 362 1012 ,
396 971 446 999 ex
478 971 592 1014 aquae
629 959 890 1014 congelatione
927 959 1102 1014 superiori
1140 960 1340 1002 nullatenus
1370 962 1497 1003 oriun-

192 1023 299 1063 dam.

313 1084 347 1134 §.
372 1094 410 1134 5.
446 1083 552 1126 Inter
587 1086 734 1139 primos
775 1083 1029 1139 philosophos
1045 1118 1056 1138 ,
1104 1085 1166 1139 qui
1214 1087 1371 1140 glaciem
1421 1086 1494 1127 effi:

191 1159 329 1201 aquam
359 1147 581 1188 rarefiidtam
601 1180 612 1200 ‚
654 1160 733 1188 non
773 1148 1034 1188 condensa-tam
1056 1179 1068 1200 ,
1109 1149 1255 1201 opinati
1293 1152 1402 1203 sunt,
1434 1161 1494 1190 re-

191 1209 356 1251 ferendus
387 1210 458 1251 effe
486 1210 635 1251 videtur
665 1208 854 1251 Galilaeus
875 1242 887 1261 ,
927 1211 987 1250 cui
1019 1209 1111 1251 haec
1149 1210 1328 1253 sententia
1358 1212 1495 1253 adseri-

192 1272 289 1313 bitur
338 1273 381 1313 in*
426 1273 692 1325 experimentis
740 1272 955 1317 academiae
1004 1272 1066 1315 del
1120 1274 1282 1316 Cimento
1306 1307 1318 1328 ‚
1376 1275 1491 1315 latine

192 1336 299 1375 editis
346 1348 367 1375 a
416 1334 591 1375 celeberr.
626 1332 958 1389 Muffi·henbroekio
977 1366 989 1386 ‚
1028 1348 1114 1388 pag.
1154 1346 1255 1385 127.
1283 1369 1286 1373 .
1320 1336 1383 1378 De
1416 1337 1496 1379 hoc

194 1397 466 1451 phaenomeno
496 1397 611 1438 hodie
650 1398 746 1437 inter
785 1408 922 1438 omnes
961 1398 1104 1438 constat
1135 1401 1286 1453 quidem
1306 1431 1318 1450 ‚
1353 1400 1413 1441 sed
1445 1400 1493 1440 de

194 1459 362 1500 mensura
401 1461 478 1500 eius
518 1472 592 1499 non
625 1459 851 1500 conueniunt
892 1459 1086 1500 sententiae
1105 1493 1116 1513 ,
1155 1463 1216 1502 vti
1255 1473 1411 1517 apparet
1444 1474 1494 1502 ex

192 1522 273 1563 libri
307 1522 427 1563 modo
458 1523 560 1563 citati
591 1535 678 1577 pag.
702 1535 752 1573 13
760 1535 804 1573 9.
823 1531 860 1562 et
883 1535 992 1576 1423
1014 1535 1132 1576 neque
1162 1526 1279 1566 etiam
1297 1527 1399 1567 credi
1419 1537 1493 1580 po*⁴

190 1585 262 1626 test
279 1618 290 1637 ,
321 1585 481 1638 glaciem
513 1586 639 1625 omnis
669 1586 812 1639 generis
830 1617 841 1636 ,
890 1586 1010 1626 modo
1050 1588 1170 1640 magis
1210 1589 1331 1628 modo
1372 1591 1496 1629 minus

189 1647 295 1688 bullis
325 1648 440 1688 aereis
470 1648 643 1688 refertam
662 1679 673 1699 ,
714 1648 873 1688 eandem
907 1647 1121 1689 habituram
1154 1650 1224 1690 effi:
1255 1651 1490 1692 densitatem.

190 1710 277 1750 Nec
310 1710 506 1750 verisimile
536 1711 617 1760 est,
649 1711 749 1763 quod
781 1710 939 1751 asseritur
971 1711 996 1750 l.
1016 1723 1054 1750 c.
1097 1725 1184 1765 pag.
1208 1723 1326 1766 139,
1360 1715 1490 1755 omni-

189 1772 254 1813 bus
284 1773 500 1825 corporibus
517 1804 529 1825 ‚
561 1782 718 1825 excepta
749 1771 823 1813 sola
840 1785 932 1827 aqua
949 1805 961 1825 ,
993 1774 1029 1813 id
1046 1776 1245 1815 conuenire
1264 1808 1275 1827 ‚
1301 1785 1344 1817 vt
1371 1779 1489 1819 maius

188 1834 347 1876 habeant
378 1835 560 1876 volumen
591 1836 633 1875 in
662 1835 843 1876 fluiditate
860 1868 871 1887 ,
904 1848 1017 1889 quam
1035 1835 1269 1878 infirmitate
1286 1839 1450 1892 ipsorum
1473 1856 1486 1896 3

185 1898 413 1938 contrarium
448 1899 550 1938 enim
585 1897 706 1939 sedulo
738 1899 857 1952 captis
891 1900 1159 1951 experimentis
1182 1902 1342 1942 ostendit
1358 1904 1490 1945 Reau-

186 1963 343 2011 marius,
376 1961 419 2000 in«
446 1970 700 2002 commentar.
729 1962 815 2002 acad
852 1959 974 2001 scient.
992 1962 1099 2014 paris.
1126 1964 1170 2003 ad
1197 1977 1335 2005 annum
1359 1971 1474 2014 1726
1501 2002 1510 2021 ‚

191 2022 260 2062 vbi
291 2023 435 2064 detexit
451 2055 464 2077 ‚
493 2025 538 2068 in
566 2023 741 2066 firmitate
773 2025 894 2076 augeri
925 2024 1109 2065 volumen
1140 2038 1216 2068 non
1231 2040 1347 2083 aquae
1364 2028 1488 2081 solius,

801 2087 838 2128 E
855 2099 876 2126 e
911 2097 941 2135 a
1427 2092 1486 2132 sed
