2020 2668
537 117 632 161 208
695 113 778 158 DE
810 110 1047 161 PITVITA
1077 105 1413 160 G'LVTINOSA
1453 108 1757 160 LARYNG'IS.

539 228 650 283 stergi
680 239 822 284 queat3
855 228 1000 271 insimul
1036 228 1127 271 haec
1145 227 1368 284 glutinositas
1386 227 1436 268 illi
1454 227 1628 269 duritiem
1663 226 1851 281 quandam

534 292 744 345 conciliat,
778 305 820 334 vt
852 294 1020 334 dentibus
1053 295 1139 334 trita
1173 293 1366 345 strepitum
1400 291 1563 345 aliquem
1601 291 1756 331 excitet.

655 357 689 405 §.
713 371 756 407 3.
790 357 893 398 Haec
926 355 1117 411 peculiaris
1147 358 1298 411 pituitae
1330 355 1574 410 repugnantia
1593 386 1603 405 ‚
1635 355 1726 395 dum
1759 365 1850 395 cum

535 417 640 459 saliua
674 419 707 459 se
739 421 950 473 permisceri
991 433 1070 462 non
1103 422 1269 475 patitur,
1319 419 1398 460 satis
1429 417 1693 468 demonstrat,
1743 418 1854 458 binos

537 481 608 523 hos
640 481 819 524 humores
851 493 980 524 natura
1013 483 1070 525 sua
1103 485 1198 524 iuter
1230 484 1265 524 se
1299 480 1447 524 differre
1469 514 1480 534 ,
1523 481 1591 522 etsi
1623 493 1700 522 non
1739 481 1850 535 longe

533 557 555 586 a
589 544 623 586 se
654 547 817 588 inuicem
868 546 1106 602 segregentur
1126 580 1137 599 ,
1179 557 1218 588 et
1250 548 1287 587 in
1320 547 1456 587 vicinis
1486 545 1646 587 faucium
1687 544 1851 599 regioni-

532 609 598 650 bus
646 610 848 651 confluant.
929 612 1008 652 Pari
1043 611 1167 652 modo
1205 611 1294 651 inde
1325 609 1583 660 concluditur,
1633 608 1737 650 illam
1770 620 1850 650 non

530 672 603 714 esse
636 687 736 728 pus,
770 675 913 729 quippe
944 674 1044 730 quod
1077 687 1166 715 cum
1200 674 1307 715 saliua
1339 673 1494 714 mistum
1525 674 1572 714 ab
1589 673 1652 713 illa
1670 671 1852 725 soluitur,

530 745 570 777 et
601 737 639 778 in
672 750 787 779 vnam
822 738 978 780 maffiim
1011 751 1100 779 cum
1135 737 1195 778 illa
1228 736 1367 778 fatiscit.
1435 737 1577 791 Neque
1613 736 1849 777 minusare·

528 800 635 854 liquo
669 802 779 854 palati
811 811 851 841 et
883 801 1042 843 fitucium
1076 813 1193 842 muco
1225 813 1294 855 per
1325 801 1510 854 insignem
1543 802 1646 842 illam
1680 810 1721 839 et
1757 811 1846 853 per-

528 863 690 904 tinacem
730 864 1023 918 glutinositatem
1072 865 1314 917 distinguitur.
1402 864 1538 904 Mucus
1587 864 1654 903 iste
1691 864 1845 916 quidem

528 927 652 967 multo
684 929 817 968 maiori
851 927 994 968 lentore
1026 928 1162 981 gaudet
1194 939 1238 967 ac
1272 925 1345 980 ipia
1378 927 1511 967 saliua:
1564 927 1684 979 magis
1715 936 1844 965 tamen

526 990 571 1030 ad
604 990 879 1031 consistentiam
930 990 1190 1044 pultisormem
1224 991 1394 1041 accedit,
1428 1001 1465 1030 et
1498 990 1544 1029 ab
1578 990 1647 1029 hac
1681 990 1812 1042 pituita
1834 1021 1844 1039 ,

527 1050 578 1106 (si
610 1054 762 1106 quidem
797 1054 959 1107 aliquam
994 1053 1243 1094 similitudinis
1282 1054 1612 1105 comparationem
1656 1052 1847 1092 instituere

524 1113 633 1169 licet)
669 1126 864 1170 tamquam
907 1125 1140 1170 vnguentum
1191 1115 1343 1169 aliquod
1393 1115 1571 1156 blandum
1604 1127 1626 1155 a
1660 1115 1846 1156 bitumine

523 1178 660 1220 differt.

638 1236 676 1286 5.
695 1257 738 1294 4.
773 1240 891 1285 Color
921 1242 1029 1285 huius
1061 1242 1218 1298 pituitae
1251 1243 1374 1286 varius
1405 1244 1470 1285 est.
1534 1243 1757 1298 Plenimque
1788 1243 1842 1286 al-

524 1305 648 1348 bescit.
715 1307 808 1365 Quo
855 1308 1046 1361 copiosior
1084 1319 1212 1348 autem
1245 1309 1295 1349 est
1329 1307 1512 1361 secretio,
1563 1321 1611 1349 eo
1644 1310 1764 1362 magis
1795 1309 1844 1349 ab

524 1370 599 1411 hoc
632 1371 722 1412 albo
755 1371 884 1412 colore
917 1371 1118 1412 deflectere
1151 1381 1189 1412 et
1220 1372 1259 1411 in
1291 1372 1467 1426 glaucum
1501 1383 1655 1426 vergere
1705 1385 1841 1426 exper-

520 1441 580 1474 tus
612 1433 702 1475 sum.
771 1434 968 1475 Interdum
1003 1435 1186 1475 flauedine
1216 1437 1375 1489 quadam
1410 1436 1575 1490 tingitur.
1644 1435 1844 1490 Haecipla

519 1497 658 1538 coloris
688 1499 894 1551 differentia
926 1499 1042 1539 etiam
1075 1497 1259 1539 diuersum
1294 1500 1497 1540 tenacitatis
1529 1499 1666 1540 statum
1706 1501 1842 1553 arguit.

519 1557 663 1602 Glauca
695 1564 799 1603 enim
824 1553 964 1616 'pituita
996 1561 1147 1616 semper
1165 1562 1332 1602 tenacior
1347 1562 1400 1602 est
1418 1562 1629 1615 albicante3
1662 1564 1838 1603 omnium

519 1626 683 1666 minime
715 1636 830 1667 tenax
863 1625 969 1666 flaua.
1040 1626 1158 1666 Porro
1191 1636 1290 1666 totus
1323 1627 1479 1678 pituitae
1511 1627 1662 1679 glomus
1700 1639 1840 1680 opacus

518 1687 572 1729 est
592 1721 602 1740 ‚
634 1701 709 1743 quo
742 1688 822 1744 ipso
853 1701 875 1729 a
909 1701 1024 1730 muco
1057 1690 1203 1730 narium
1223 1721 1234 1741 ,
1267 1690 1332 1742 qui
1367 1691 1481 1730 vitrea
1515 1689 1731 1743 plerumque
1759 1688 1837 1742 pel-

519 1751 708 1793 luciditate
737 1753 876 1807 gaudet
896 1783 905 1792 .
939 1753 1183 1807 distinguitur.
1247 1751 1424 1807 Denique
1455 1753 1546 1794 striis
1579 1753 1728 1793 subinde
1756 1765 1838 1794 ma·
1879 1767 1892 1781 ¹

517 1815 659 1856 culatur
690 1817 829 1870 nigris,
864 1829 959 1871 qnae
991 1828 1121 1858 autem
1155 1829 1176 1857 a
1209 1815 1520 1870 flimigationibus
1567 1829 1637 1871 pcr
1687 1815 1837 1869 respira-

519 1879 666 1919 tionem
699 1881 862 1920 attraftis
894 1881 1110 1921 deriuandae
1142 1880 1327 1920 videntur.

636 1943 670 1990 §.
696 1955 735 1991 5.
772 1943 888 1984 Huius
922 1945 1075 1998 pituitae
1108 1945 1263 1997 copiam
1300 1957 1365 1996 pcr
1398 1944 1521 1997 plures
1553 1943 1698 1984 menses
1731 1942 1835 1995 paul-

519 2004 625 2045 latim
660 2007 832 2060 collegi,
866 2017 904 2047 ct
938 2009 975 2048 in
1012 2007 1156 2047 vasculo
1204 2007 1335 2046 leuiter
1368 2007 1473 2047 tccsto
1511 2008 1546 2047 in
1581 2010 1708 2047 muico
1743 2016 1836 2045 meo

518 2067 735 2110 conseruaui
758 2102 767 2122 ,
804 2081 846 2111 τι
865 2072 995 2123 quibus
1014 2070 1282 2112 mutationibus
1299 2070 1458 2111 obnoxia
1479 2070 1574 2112 soret
1594 2104 1604 2124 ,
1637 2069 1857 2124 cognosce-¹

1733 2145 1829 2172 rem.
