2020 2668
526 105 617 146 ²74
662 90 796 154 QVA
829 90 1092 139 RATIONE
1123 92 1627 140 INSTRVMENTVM
1662 105 1729 141 cet.

534 219 696 264 ponatur
747 209 836 251 vasi.
918 208 965 251 In
999 220 1024 264 q
1056 208 1288 263 perforetur,
1337 218 1381 250 vt
1415 210 1494 252 a'eti
1527 210 1622 252 liber
1669 211 1788 253 aditus
1818 222 1862 256 et

537 273 660 314 exitus
692 285 759 326 per
790 272 960 314 foramen
995 283 1130 326 pateat.

653 339 699 376 6.
729 335 775 377 In
805 338 936 378 medio
970 337 1136 391 operculi
1169 338 1207 379 A
1226 335 1264 380 Ο
1283 335 1318 378 Β
1350 337 1393 379 sit
1427 338 1596 379 foramen
1631 339 1862 393 quadrangu-

532 398 612 440 lare
631 430 643 451 ,
675 401 778 453 quod
808 402 979 442 canalem
1013 401 1237 454 plumbeum
1285 403 1618 457 quadrangularem
1668 402 1798 460 QPS
1820 403 1855 446 R

532 463 636 503 cuius
669 463 800 510 lumen
834 477 885 514 25
926 466 1132 519 digitorum
1167 467 1430 520 quadratorum
1450 467 1492 508 sit
1509 478 1548 507 et
1565 466 1724 506 altitudo
1750 468 1860 520 quin-

533 538 605 579 que
636 526 846 581 digitorum
879 521 999 576 ferme
1020 561 1031 581 ‚
1063 530 1235 583 recipiat.
1306 528 1454 570 Canalis
1484 530 1589 572 huius
1629 526 1860 586 emetrflta'e

534 601 609 630 vna
641 590 737 634 OR
781 591 914 634 habeat
967 595 1216 647 marginem,
1266 606 1315 634 ne
1348 593 1523 634 foramini
1572 594 1853 648 quidmngnlari

534 655 704 706 operculi
735 655 919 698 immissirs
937 690 949 709 ,
980 658 1088 697 cadat
1108 689 1120 709 ,
1153 657 1214 698 led
1249 658 1430 711 operculo
1463 657 1558 698 bene
1592 657 1860 711 {tumtun-‚hal—

538 721 633 791 tera
641 721 871 762 'extremitas
903 730 1049 761 tantum
1082 733 1162 761 non
1195 722 1354 775 attingat
1387 720 1542 763 fundum
1572 721 1683 762 vatim
1827 722 1860 733 *¹

598 781 707 824 Vt
738 794 894 838 pateat,
925 782 1154 851 descriptum
1186 786 1473 833 instrumentum
1518 784 1596 827 vliu
1632 785 1867 827 mundemur·

531 848 870 890 accommodatum
905 848 1007 890 είῑέ.
1526 860 1530 875 ¹
1573 880 1577 884 .
1746 880 1748 882 »

653 909 713 966 1.)
744 911 972 966 Exponatur
1001 913 1080 955 aeti
1113 923 1248 965 aperto
1279 915 1317 955 in
1352 913 1572 955 fulcimento
1607 913 1788 967 quodnmz

650 973 706 1031 2.)
739 975 814 1016 Fac
857 976 1070 1018 infundatur
1092 966 1296 1030 'quantitas
1342 990 1457 1031 aquae
1508 977 1621 1029 prius·
1653 976 1858 1019 mensumn

530 1048 602 1091 per
631 1038 764 1080 lumen
814 1039 951 1081 canalis
999 1039 1329 1095 quadrangularis,
1375 1041 1426 1083 sic
1460 1050 1503 1081 vt
1536 1043 1635 1080 cira
1688 1043 1857 1083 mediam

530 1100 624 1142 vafis
657 1102 894 1144 altitudinem
928 1103 1084 1158 stagnet.
1211 1143 1216 1153 ,
1407 1129 1442 1136 -·
1501 1130 1506 1136 ·
1641 1119 1644 1124 ¹

647 1163 708 1222 3.)
726 1165 809 1208 Stet
828 1178 897 1220 per
913 1166 1081 1208 mensem
1100 1178 1220 1207 vnum
1240 1166 1484 1220 expos-itum
1475 1177 1535 1208 itu
1543 1167 1622 1207 a‘eri
1643 1177 1685 1206 vt
1703 1167 1850 1210 dietum

530 1237 571 1270 et
602 1175 746 1271 vitaimo
777 1229 912 1271 mensis
942 1231 1003 1271 die
1036 1242 1130 1284 aqua
1151 1232 1204 1271 in
1233 1230 1339 1291 vale,
1354 1242 1551 1274 remanens
1578 1234 1819 1272 meuluretnr.

577 1311 584 1314 ·
645 1290 749 1335 Cum
783 1306 831 1335 ne
861 1294 1059 1336 sicciffimo
1092 1295 1243 1349 quidem
1265 1293 1391 1335 mense
1424 1307 1473 1334 ex
1509 1293 1697 1348 superficie
1727 1306 1778 1344 25
1801 1296 1878 1337 di-.

530 1358 600 1413 git.
619 1359 788 1412 quadrat.
808 1371 978 1413 vnquam
1001 1371 1087 1410 300
1110 1359 1189 1412 dig.
1207 1359 1277 1399 cub
1310 1371 1428 1412 aquae
1450 1359 1487 1398 in
1508 1371 1669 1411 vapores
1688 1358 1853 1401 resoluan

526 1431 607 1473 tur,
624 1432 672 1464 vt
689 1434 740 1463 ex
761 1422 1075 1464 obseruationibus
1107 1422 1220 1462 variis
1249 1423 1440 1471 constitit,
1455 1433 1494 1462 et
1513 1421 1660 1463 summa
1680 1435 1796 1477 aquae
1816 1424 1853 1464 in

528 1485 615 1526 vase
653 1495 856 1528 contentae
886 1486 1006 1528 ferme
1043 1491 1127 1527 800
1163 1487 1268 1540 digit.
1302 1488 1386 1529 cub.
1411 1486 1496 1536 -s1t,‚
1531 1487 1712 1539 quantitas
1762 1487 1857 1528 haec

527 1563 645 1604 aquae
678 1550 817 1591 mensis
849 1552 955 1592 vuius
987 1549 1182 1592 interuallo
1226 1561 1271 1591 vt
1306 1554 1342 1590 in
1377 1561 1539 1603 vapores
1590 1552 1726 1602 abeat,
1779 1564 1858 1592 non

529 1614 582 1655 est
616 1614 865 1656 metuendum
894 1649 904 1667 ,
938 1615 964 1656 fi
998 1615 1059 1655 vel
1094 1626 1140 1654 ne
1171 1624 1275 1669 gutta
1309 1614 1631 1668 quidempluniae
1667 1624 1752 1653 toto
1789 1615 1858 1656 illo

532 1679 717 1733 temporis
750 1679 976 1730 interuallo,
1006 1691 1141 1733 aquam
1175 1678 1434 1719 instrumento
1461 1687 1687 1719 contentam
1742 1691 1855 1732 auge*-

530 1751 600 1782 ret.
668 1743 726 1783 At
758 1752 867 1796 auget
885 1742 1006 1797 pluuia
1036 1743 1281 1796 quantitatem
1319 1742 1426 1782 huius
1455 1755 1569 1797 aquae
1589 1774 1600 1794 ,
1635 1741 1856 1796 pluuiaeque

529 1806 712 1858 quantitas
743 1805 828 1847 vase
860 1806 1140 1859 hyetometrico
1176 1806 1446 1858 determinatur
1465 1839 1475 1857 ,
1509 1806 1594 1847 data
1620 1804 1813 1859 superficie
1838 1839 1850 1859 ,

530 1869 568 1908 in
602 1882 715 1923 quam
751 1870 877 1925 pluuia
917 1870 1025 1911 cadit.
1096 1869 1198 1911 Haec
1231 1869 1606 1924 tamenquantitassi
1626 1880 1711 1910 toto
1741 1882 1850 1911 men-

531 1931 576 1973 fis
625 1933 767 1988 spatio'
793 1934 887 1991 nihil
947 1933 1169 1986 exhalaret,
1222 1947 1412 1988 nunquam
1475 1943 1576 1976 tanta
1633 1931 1704 1972 effe
1764 1943 1845 1987 pot-

530 1995 611 2047 est,
661 2006 712 2055 vtss
755 2007 836 2038 oras
883 1998 975 2039 vasis
1023 1999 1205 2052 attingens
1236 1988 1586 2049 defluere-valeam
1629 2008 1694 2049 per
1731 1998 1852 2038 vairas

529 2059 636 2102 enim
669 2059 939 2103 obseruationes
968 2062 1160 2116 constitit,
1192 2074 1392 2117 nunquam.
1415 2061 1525 2102 mins
1566 2059 1702 2101 mensis
1740 2062 1851 2103 inter-

1751 2125 1852 2166 vallo
