2020 2668
263 110 333 159 IN
365 106 788 156 ERINACEORVM
815 105 978 155 TERR.
1012 107 1369 158 ANATOMEN:
1417 123 1503 165 203

204 227 310 268 vnde
340 227 432 267 circa
464 236 780 280 praememoratas
811 234 931 280 partes
949 257 961 278 ‚
992 224 1086 266 nihil
1118 237 1231 280 quam
1264 237 1393 267 carnea
1424 226 1504 269 sub·

208 290 336 331 stantia
368 288 427 330 sub
456 289 583 329 oculos
623 289 776 328 caderet.
860 288 1087 330 Nostrorum
1137 289 1390 330 erinaceorum
1436 303 1500 332 ca·

204 353 326 406 psulae
359 352 548 393 seminales
583 346 623 389 1?
656 363 789 404 corpus
819 350 1019 392 referebant
1055 350 1323 404 amplissimum
1345 383 1357 404 ‚
1389 365 1501 393 men..

204 414 325 456 stiram
359 415 478 468 peluis
509 414 618 467 longe
650 416 830 454 excedens
848 447 859 467 ,
890 427 930 455 ac
955 414 1078 455 versus
1110 427 1214 455 renes
1242 415 1345 456 altius
1375 415 1498 456 ascen-

204 480 321 530 dens,
356 479 574 518 membrana
609 478 825 530 bipartitum
860 478 1040 531 pellucida
1058 510 1068 529 ,
1103 490 1168 532 per
1198 490 1310 531 quam
1346 491 1423 519 non
1443 479 1500 519 so·

204 540 285 581 lum
326 542 480 581 dextrae
519 551 557 580 et
596 540 754 580 finistrae
793 541 977 582 diuisionis
1018 554 1159 593 nexus,
1207 553 1340 582 verum
1381 543 1499 584 etiam

204 616 410 644 commune
459 603 688 643 inuolucrum
729 616 748 643 a
779 614 905 644 natura
936 605 1176 645 constitutum
1207 613 1297 644 erat.
1327 615 1369 644 2.
1403 605 1500 646 Vni·

201 667 333 720 cuique
365 667 560 717 diuisioni,
597 676 753 718 quatuor
790 667 982 720 glandulae
1021 668 1195 721 propriae
1235 676 1368 720 erant,
1408 667 1500 709 laxis

201 731 430 770 membranis
459 729 737 780 interiunctae,
769 740 810 769 vt
849 730 1007 770 distincti
1035 730 1179 772 lobuli:
1226 731 1327 770 vnde
1370 739 1498 772 totum

200 803 542 846 praememoratum
574 804 709 844 corpus
727 823 737 842 ,
771 803 792 830 e
823 792 1078 844 glandularum
1113 806 1155 842 4.
1188 793 1335 845 paribus
1372 794 1500 834 mani·

202 855 293 895 festo
328 855 530 894 constabat.
598 863 637 899 3.
672 853 756 893 Hae
795 865 816 892 e
857 852 1115 893 membranosa
1155 854 1286 906 tenui,
1337 855 1420 895 alba
1459 863 1500 896 et

197 916 381 969 pellucida
412 915 600 955 substantia
636 914 852 967 fimpliciter
881 915 1112 956 constructae
1142 925 1274 968 erant,
1307 917 1408 957 vnde
1427 929 1497 971 per

196 990 258 1019 eas
288 978 410 1018 semen
442 978 618 1018 inclusum
653 976 844 1017 manifesto
876 978 1134 1021 translucebat.
1198 994 1241 1031 4.
1277 975 1354 1019 Sub
1386 992 1497 1021 com-

197 1042 302 1082 muni
335 1042 551 1081 membrana
586 1041 643 1081 seu
674 1040 869 1081 inuolucro
902 1041 966 1082 has
994 1042 1239 1095 inuestiente,
1272 1043 1497 1096 multiplices

192 1105 299 1145 series
330 1105 548 1145 orbiculares
566 1136 577 1154 ‚
616 1104 737 1144 forma
774 1116 816 1143 ac
847 1103 964 1157 specie
1003 1105 1177 1158 pellucidi
1217 1115 1256 1146 et
1293 1105 1496 1159 longissimi

195 1169 325 1209 ductus
357 1169 412 1207 seu
443 1168 569 1207 sacculi
588 1199 598 1218 ,
633 1166 758 1206 semen
789 1167 1039 1219 continentis,
1081 1167 1382 1221 transparebant:
1422 1167 1495 1210 hae

190 1231 296 1271 series
325 1230 414 1270 nihil
447 1243 468 1270 a
498 1230 592 1270 veris
623 1229 780 1269 veficulis
817 1229 1053 1283 discrepant,
1096 1230 1162 1271 nifi
1202 1231 1301 1284 quod
1338 1230 1494 1272 crassitie

195 1294 267 1334 smt
299 1295 486 1344 maiores,
521 1306 562 1333 ac
597 1305 673 1331 non
707 1292 752 1332 ad
783 1294 929 1333 oualem
949 1325 960 1344 ‚
990 1302 1034 1333 vt
1063 1294 1157 1334 aliae
1187 1293 1396 1345 vesiculae,
1428 1305 1494 1334 ve-

194 1369 279 1397 rum
313 1358 357 1397 ad
387 1356 628 1408 cylindricam
664 1355 821 1407 figuram
856 1356 1060 1401 accedant:
1111 1368 1181 1409 qua
1230 1357 1269 1396 in
1318 1369 1359 1397 re
1399 1355 1494 1398 nihil

195 1420 245 1460 ell
277 1420 409 1460 cauffie
442 1420 607 1472 opinor,
638 1431 702 1458 cur
735 1420 853 1458 minus
885 1431 958 1471 pro
981 1419 1147 1460 veficulis
1177 1418 1301 1460 haberi
1319 1419 1491 1460 debeant.

196 1483 416 1533 Postremo,
455 1481 554 1521 nihil
594 1481 718 1533 vltra,
763 1481 1011 1522 obseruatione
1050 1483 1204 1535 dignum
1239 1491 1345 1534 erat,
1376 1494 1492 1536 quam

193 1546 273 1587 ima
303 1545 595 1599 praememorati
627 1544 798 1598 corporis
829 1554 934 1597 parte
954 1577 966 1596 ,
1007 1546 1075 1585 tria
1116 1545 1294 1586 emissaria
1334 1545 1393 1586 leu
1425 1545 1493 1586 du-

200 1610 280 1650 cius
314 1621 382 1661 per
413 1608 447 1648 ie
476 1607 692 1660 conspicui,
726 1606 818 1648 recti
848 1617 885 1647 et
917 1608 1259 1661 perpendiculares,
1292 1607 1420 1649 semen
1437 1608 1494 1648 in-

197 1682 252 1711 tra
281 1672 420 1711 collum
453 1670 622 1722 vesicae,
652 1671 748 1711 inter
780 1670 875 1710 hanc
909 1680 947 1710 et
978 1670 1123 1710 rec‘tum
1158 1671 1369 1711 intestinum
1390 1703 1402 1723 ‚
1428 1670 1494 1711 ab·

196 1735 367 1774 ducentes
386 1766 396 1784 ,
429 1745 502 1786 quo
534 1734 572 1772 in
605 1732 751 1773 transitu
791 1745 812 1772 a
844 1733 990 1773 testium
1021 1733 1262 1774 deferentibus
1300 1733 1422 1786 valis,
1454 1733 1495 1775 in

195 1799 359 1837 modum
400 1809 500 1836 arcus
539 1795 839 1836 decuffibantur:
881 1804 924 1836 vt
962 1795 1048 1836 colli
1089 1796 1228 1837 veficae
1258 1808 1396 1837 carneo
1428 1808 1497 1836 an-

195 1860 284 1899 nulo
315 1860 464 1911 excepti
499 1858 606 1911 lunt,
645 1859 735 1899 finus
776 1858 837 1899 vel
873 1859 1008 1899 cauitas
1048 1859 1266 1912 peculiaris,
1304 1861 1493 1900 diametro

194 1923 364 1963 vrethrae
405 1922 587 1975 aequalis,
628 1934 672 1962 ac
720 1920 939 1963 transuersali
984 1920 1169 1963 foramine
1218 1923 1259 1962 in
1298 1922 1492 1964 vrethram

190 1996 341 2039 pitente
374 1985 535 2040 praedita
553 2019 565 2038 ‚
608 1984 739 2027 sedem
791 1987 886 2027 inter
930 1996 1273 2038 praememoratum
1313 1986 1494 2027 annulum

197 2050 434 2104 tunicamque
464 2050 637 2092 vrethrae
668 2050 775 2093 nasta
795 2084 805 2102 ‚
837 2047 1146 2105 conspiciebatur,
1174 2050 1220 2093 ad
1250 2049 1377 2093 semen
1395 2048 1497 2101 quod

797 2112 833 2152 c
863 2125 885 2155 c,
917 2123 943 2154 ⁹.
1393 2109 1494 2155 haud
