<?xml version="1.0" encoding="UTF-8"?>
<!DOCTYPE html PUBLIC "-//W3C//DTD XHTML 1.0 Transitional//EN"
    "http://www.w3.org/TR/xhtml1/DTD/xhtml1-transitional.dtd">
<html xmlns="http://www.w3.org/1999/xhtml" xml:lang="en" lang="en">
 <head>
  <title>
</title>
<meta http-equiv="Content-Type" content="text/html;charset=utf-8" />
  <meta name='ocr-system' content='tesseract 3.04.00' />
  <meta name='ocr-capabilities' content='ocr_page ocr_carea ocr_par ocr_line ocrx_word'/>
</head>
<body>
  <div class='ocr_page' id='page_1' title='image "./commentariiacade14impe/commentariiacade14impe_0324.png"; bbox 0 0 2020 2668; ppageno 0'>
   <div class='ocr_carea' id='block_1_1' title="bbox 497 126 1738 185">
    <p class='ocr_par' dir='ltr' id='par_1_1' title="bbox 497 126 1738 185">
     <span class='ocr_line' id='line_1_1' title="bbox 497 126 1738 185; baseline 0.002 -9"><span class='ocrx_word' id='word_1_1' title='bbox 497 138 585 185; x_wconf 77' lang='lat'>316</span> <span class='ocrx_word' id='word_1_2' title='bbox 650 132 730 177; x_wconf 85' lang='lat' dir='ltr'>DE</span> <span class='ocrx_word' id='word_1_3' title='bbox 763 126 1234 178; x_wconf 82' lang='lat' dir='ltr'><strong><em>ELECTRICITATE</em></strong></span> <span class='ocrx_word' id='word_1_4' title='bbox 1273 132 1342 176; x_wconf 88' lang='lat' dir='ltr'>IN</span> <span class='ocrx_word' id='word_1_5' title='bbox 1375 131 1738 180; x_wconf 77' lang='lat' dir='ltr'><strong><em>CORPORIBVS</em></strong></span> 
     </span>
    </p>
   </div>
   <div class='ocr_carea' id='block_1_2' title="bbox 877 274 1423 356">
    <p class='ocr_par' dir='ltr' id='par_1_2' title="bbox 877 274 1423 356">
     <span class='ocr_line' id='line_1_2' title="bbox 877 274 1423 356; baseline -0.004 -21"><span class='ocrx_word' id='word_1_6' title='bbox 877 274 1180 356; x_wconf 87' lang='lat' dir='ltr'>Experim.</span> <span class='ocrx_word' id='word_1_7' title='bbox 1223 274 1423 337; x_wconf 90' lang='lat' dir='ltr'>XXV.</span> 
     </span>
    </p>
   </div>
   <div class='ocr_carea' id='block_1_3' title="bbox 486 394 1817 833">
    <p class='ocr_par' dir='ltr' id='par_1_3' title="bbox 486 394 1817 833">
     <span class='ocr_line' id='line_1_3' title="bbox 605 394 1813 451; baseline 0.002 -15"><span class='ocrx_word' id='word_1_8' title='bbox 605 395 684 437; x_wconf 88' lang='lat' dir='ltr'>Vas</span> <span class='ocrx_word' id='word_1_9' title='bbox 717 394 953 438; x_wconf 76' lang='lat' dir='ltr'>metallicum</span> <span class='ocrx_word' id='word_1_10' title='bbox 973 428 984 447; x_wconf 89' lang='lat'>,</span> <span class='ocrx_word' id='word_1_11' title='bbox 1018 394 1183 438; x_wconf 84' lang='lat' dir='ltr'>laminae</span> <span class='ocrx_word' id='word_1_12' title='bbox 1214 396 1355 438; x_wconf 86' lang='lat' dir='ltr'>ferreae</span> <span class='ocrx_word' id='word_1_13' title='bbox 1389 409 1431 448; x_wconf 75' lang='lat'>3.</span> <span class='ocrx_word' id='word_1_14' title='bbox 1461 395 1610 451; x_wconf 86' lang='lat' dir='ltr'>inposui</span> <span class='ocrx_word' id='word_1_15' title='bbox 1628 405 1668 437; x_wconf 88' lang='lat' dir='ltr'>et</span> <span class='ocrx_word' id='word_1_16' title='bbox 1686 396 1813 450; x_wconf 79' lang='lat' dir='ltr'>sipho-</span> 
     </span>
     <span class='ocr_line' id='line_1_4' title="bbox 489 458 1813 515; baseline -0.002 -12"><span class='ocrx_word' id='word_1_17' title='bbox 489 472 581 503; x_wconf 88' lang='lat' dir='ltr'>nem</span> <span class='ocrx_word' id='word_1_18' title='bbox 614 472 732 515; x_wconf 85' lang='lat' dir='ltr'>aquae</span> <span class='ocrx_word' id='word_1_19' title='bbox 765 461 806 500; x_wconf 88' lang='lat' dir='ltr'>in</span> <span class='ocrx_word' id='word_1_20' title='bbox 838 458 924 500; x_wconf 79' lang='lat' dir='ltr'>vase</span> <span class='ocrx_word' id='word_1_21' title='bbox 957 460 1138 515; x_wconf 86' lang='lat' dir='ltr'>stagnanti</span> <span class='ocrx_word' id='word_1_22' title='bbox 1172 461 1341 502; x_wconf 81' lang='lat' dir='ltr'>immersi</span> <span class='ocrx_word' id='word_1_23' title='bbox 1360 493 1371 513; x_wconf 90' lang='lat'>,</span> <span class='ocrx_word' id='word_1_24' title='bbox 1405 471 1444 501; x_wconf 91' lang='lat' dir='ltr'>et</span> <span class='ocrx_word' id='word_1_25' title='bbox 1476 460 1640 502; x_wconf 70' lang='lat' dir='ltr'>suctione</span> <span class='ocrx_word' id='word_1_26' title='bbox 1672 460 1813 514; x_wconf 85' lang='lat' dir='ltr'>effeci,</span> 
     </span>
     <span class='ocr_line' id='line_1_5' title="bbox 489 522 1814 579; baseline -0.001 -14"><span class='ocrx_word' id='word_1_27' title='bbox 489 536 532 565; x_wconf 75' lang='lat' dir='ltr'>vt</span> <span class='ocrx_word' id='word_1_28' title='bbox 565 522 676 579; x_wconf 85' lang='lat' dir='ltr'>fipho</span> <span class='ocrx_word' id='word_1_29' title='bbox 707 524 821 566; x_wconf 87' lang='lat' dir='ltr'>fluere</span> <span class='ocrx_word' id='word_1_30' title='bbox 856 523 1070 577; x_wconf 90' lang='lat' dir='ltr'>inciperet,</span> <span class='ocrx_word' id='word_1_31' title='bbox 1102 523 1337 565; x_wconf 66' lang='lat' dir='ltr'>elestricinite</span> <span class='ocrx_word' id='word_1_32' title='bbox 1367 525 1505 565; x_wconf 88' lang='lat' dir='ltr'>deinde</span> <span class='ocrx_word' id='word_1_33' title='bbox 1546 525 1707 564; x_wconf 76' lang='lat' dir='ltr'>excitata</span> <span class='ocrx_word' id='word_1_34' title='bbox 1742 537 1814 579; x_wconf 81' lang='lat' dir='ltr'>ap-</span> 
     </span>
     <span class='ocr_line' id='line_1_6' title="bbox 489 587 1814 642; baseline 0 -14"><span class='ocrx_word' id='word_1_35' title='bbox 489 588 741 642; x_wconf 75' lang='lat' dir='ltr'>propinquaui</span> <span class='ocrx_word' id='word_1_36' title='bbox 776 587 922 628; x_wconf 89' lang='lat' dir='ltr'>fluentis</span> <span class='ocrx_word' id='word_1_37' title='bbox 953 599 1069 641; x_wconf 85' lang='lat' dir='ltr'>aquae</span> <span class='ocrx_word' id='word_1_38' title='bbox 1118 587 1233 628; x_wconf 88' lang='lat' dir='ltr'>cursui</span> <span class='ocrx_word' id='word_1_39' title='bbox 1284 587 1444 640; x_wconf 86' lang='lat' dir='ltr'>digitum</span> <span class='ocrx_word' id='word_1_40' title='bbox 1478 598 1516 628; x_wconf 90' lang='lat' dir='ltr'>et</span> <span class='ocrx_word' id='word_1_41' title='bbox 1549 600 1640 641; x_wconf 81' lang='lat' dir='ltr'>aqua</span> <span class='ocrx_word' id='word_1_42' title='bbox 1671 587 1814 628; x_wconf 75' lang='lat' dir='ltr'>cuisum</span> 
     </span>
     <span class='ocr_line' id='line_1_7' title="bbox 487 649 1811 705; baseline -0.001 -12"><span class='ocrx_word' id='word_1_43' title='bbox 487 652 681 704; x_wconf 82' lang='lat' dir='ltr'>mutauit,</span> <span class='ocrx_word' id='word_1_44' title='bbox 712 649 945 705; x_wconf 86' lang='lat' dir='ltr'>digitumque</span> <span class='ocrx_word' id='word_1_45' title='bbox 980 649 1097 691; x_wconf 73' lang='lat' dir='ltr'>versus</span> <span class='ocrx_word' id='word_1_46' title='bbox 1129 649 1163 690; x_wconf 74' lang='lat' dir='ltr'>ie</span> <span class='ocrx_word' id='word_1_47' title='bbox 1196 649 1361 704; x_wconf 84' lang='lat' dir='ltr'>dirigens</span> <span class='ocrx_word' id='word_1_48' title='bbox 1397 649 1677 704; x_wconf 79' lang='lat' dir='ltr'>dispergebatur</span> <span class='ocrx_word' id='word_1_49' title='bbox 1700 683 1711 702; x_wconf 88' lang='lat'>,</span> <span class='ocrx_word' id='word_1_50' title='bbox 1757 653 1811 692; x_wconf 89' lang='lat' dir='ltr'>di-</span> 
     </span>
     <span class='ocr_line' id='line_1_8' title="bbox 489 713 1817 770; baseline 0.001 -15"><span class='ocrx_word' id='word_1_51' title='bbox 489 716 569 770; x_wconf 87' lang='lat' dir='ltr'>gito</span> <span class='ocrx_word' id='word_1_52' title='bbox 600 715 844 769; x_wconf 87' lang='lat' dir='ltr'>contingente</span> <span class='ocrx_word' id='word_1_53' title='bbox 878 713 1027 754; x_wconf 84' lang='lat' dir='ltr'>radium</span> <span class='ocrx_word' id='word_1_54' title='bbox 1067 726 1184 768; x_wconf 85' lang='lat' dir='ltr'>aquae</span> <span class='ocrx_word' id='word_1_55' title='bbox 1201 746 1213 766; x_wconf 95' lang='lat'>,</span> <span class='ocrx_word' id='word_1_56' title='bbox 1264 714 1333 755; x_wconf 88' lang='lat' dir='ltr'>lux</span> <span class='ocrx_word' id='word_1_57' title='bbox 1364 714 1537 755; x_wconf 86' lang='lat' dir='ltr'>coerulea</span> <span class='ocrx_word' id='word_1_58' title='bbox 1572 715 1611 754; x_wconf 92' lang='lat' dir='ltr'>in</span> <span class='ocrx_word' id='word_1_59' title='bbox 1649 716 1817 756; x_wconf 85' lang='lat' dir='ltr'>tenebris</span> 
     </span>
     <span class='ocr_line' id='line_1_9' title="bbox 486 776 1624 833; baseline -0.001 -13"><span class='ocrx_word' id='word_1_60' title='bbox 486 778 747 823; x_wconf 84' lang='lat' dir='ltr'>obseruabatur</span> <span class='ocrx_word' id='word_1_61' title='bbox 777 778 818 820; x_wconf 91' lang='lat' dir='ltr'>in</span> <span class='ocrx_word' id='word_1_62' title='bbox 850 776 1049 833; x_wconf 86' lang='lat' dir='ltr'>superficie</span> <span class='ocrx_word' id='word_1_63' title='bbox 1081 778 1171 819; x_wconf 81' lang='lat' dir='ltr'>radii</span> <span class='ocrx_word' id='word_1_64' title='bbox 1205 777 1280 820; x_wconf 84' lang='lat' dir='ltr'>fine</span> <span class='ocrx_word' id='word_1_65' title='bbox 1315 779 1624 833; x_wconf 84' lang='lat' dir='ltr'>concrepatione.</span> 
     </span>
    </p>
   </div>
   <div class='ocr_carea' id='block_1_4' title="bbox 862 918 1424 999">
    <p class='ocr_par' dir='ltr' id='par_1_4' title="bbox 862 918 1424 999">
     <span class='ocr_line' id='line_1_10' title="bbox 862 918 1424 999; baseline -0.004 -21"><span class='ocrx_word' id='word_1_66' title='bbox 862 918 1157 999; x_wconf 85' lang='lat' dir='ltr'>Experim.</span> <span class='ocrx_word' id='word_1_67' title='bbox 1201 918 1424 979; x_wconf 91' lang='lat' dir='ltr'><strong>XXVI.</strong></span> 
     </span>
    </p>
   </div>
   <div class='ocr_carea' id='block_1_5' title="bbox 482 1034 1813 2222">
    <p class='ocr_par' dir='ltr' id='par_1_5' title="bbox 482 1034 1813 2173">
     <span class='ocr_line' id='line_1_11' title="bbox 599 1034 1813 1093; baseline 0.002 -15"><span class='ocrx_word' id='word_1_68' title='bbox 599 1034 639 1079; x_wconf 92' lang='lat' dir='ltr'>Si</span> <span class='ocrx_word' id='word_1_69' title='bbox 672 1035 927 1078; x_wconf 79' lang='lat' dir='ltr'>admonebam</span> <span class='ocrx_word' id='word_1_70' title='bbox 961 1038 1123 1079; x_wconf 87' lang='lat' dir='ltr'>laminae</span> <span class='ocrx_word' id='word_1_71' title='bbox 1158 1037 1295 1079; x_wconf 69' lang='lat' dir='ltr'>(terreae</span> <span class='ocrx_word' id='word_1_72' title='bbox 1319 1036 1585 1078; x_wconf 68' lang='lat' dir='ltr'>elestrificatae</span> <span class='ocrx_word' id='word_1_73' title='bbox 1619 1035 1664 1093; x_wconf 82' lang='lat'>3)</span> <span class='ocrx_word' id='word_1_74' title='bbox 1701 1037 1813 1080; x_wconf 89' lang='lat' dir='ltr'>bacu-</span> 
     </span>
     <span class='ocr_line' id='line_1_12' title="bbox 486 1099 1813 1156; baseline 0.001 -15"><span class='ocrx_word' id='word_1_75' title='bbox 486 1101 567 1142; x_wconf 87' lang='lat' dir='ltr'>lum</span> <span class='ocrx_word' id='word_1_76' title='bbox 601 1099 763 1141; x_wconf 83' lang='lat' dir='ltr'>ferreum</span> <span class='ocrx_word' id='word_1_77' title='bbox 799 1112 875 1141; x_wconf 87' lang='lat' dir='ltr'>non</span> <span class='ocrx_word' id='word_1_78' title='bbox 908 1101 1196 1143; x_wconf 74' lang='lat' dir='ltr'>electrificatum</span> <span class='ocrx_word' id='word_1_79' title='bbox 1218 1134 1230 1154; x_wconf 88' lang='lat'>,</span> <span class='ocrx_word' id='word_1_80' title='bbox 1263 1102 1303 1141; x_wconf 89' lang='lat' dir='ltr'>in</span> <span class='ocrx_word' id='word_1_81' title='bbox 1336 1101 1504 1142; x_wconf 82' lang='lat' dir='ltr'>distantia</span> <span class='ocrx_word' id='word_1_82' title='bbox 1537 1102 1651 1142; x_wconf 87' lang='lat' dir='ltr'>trium</span> <span class='ocrx_word' id='word_1_83' title='bbox 1672 1101 1813 1156; x_wconf 75' lang='lat' dir='ltr'>saepius</span> 
     </span>
     <span class='ocr_line' id='line_1_13' title="bbox 487 1162 1813 1218; baseline 0.002 -15"><span class='ocrx_word' id='word_1_84' title='bbox 487 1163 671 1217; x_wconf 91' lang='lat' dir='ltr'>pollicum</span> <span class='ocrx_word' id='word_1_85' title='bbox 703 1162 888 1204; x_wconf 81' lang='lat' dir='ltr'>oriebatur</span> <span class='ocrx_word' id='word_1_86' title='bbox 919 1164 1051 1204; x_wconf 89' lang='lat' dir='ltr'>lumen</span> <span class='ocrx_word' id='word_1_87' title='bbox 1083 1165 1219 1218; x_wconf 87' lang='lat' dir='ltr'>absque</span> <span class='ocrx_word' id='word_1_88' title='bbox 1269 1163 1360 1203; x_wconf 87' lang='lat' dir='ltr'>sono</span> <span class='ocrx_word' id='word_1_89' title='bbox 1394 1165 1432 1204; x_wconf 91' lang='lat' dir='ltr'>in</span> <span class='ocrx_word' id='word_1_90' title='bbox 1466 1166 1706 1205; x_wconf 72' lang='lat' dir='ltr'>extremitate</span> <span class='ocrx_word' id='word_1_91' title='bbox 1742 1166 1813 1206; x_wconf 86' lang='lat' dir='ltr'>fcr-</span> 
     </span>
     <span class='ocr_line' id='line_1_14' title="bbox 485 1225 1812 1282; baseline 0.002 -15"><span class='ocrx_word' id='word_1_92' title='bbox 485 1227 545 1278; x_wconf 85' lang='lat' dir='ltr'>ri,</span> <span class='ocrx_word' id='word_1_93' title='bbox 578 1225 698 1267; x_wconf 88' lang='lat' dir='ltr'>ferreo</span> <span class='ocrx_word' id='word_1_94' title='bbox 750 1225 884 1267; x_wconf 84' lang='lat' dir='ltr'>baculo</span> <span class='ocrx_word' id='word_1_95' title='bbox 916 1226 1049 1269; x_wconf 80' lang='lat' dir='ltr'>sensim</span> <span class='ocrx_word' id='word_1_96' title='bbox 1086 1228 1244 1282; x_wconf 87' lang='lat' dir='ltr'>propius</span> <span class='ocrx_word' id='word_1_97' title='bbox 1275 1226 1439 1268; x_wconf 85' lang='lat' dir='ltr'>admoto</span> <span class='ocrx_word' id='word_1_98' title='bbox 1471 1239 1560 1268; x_wconf 91' lang='lat' dir='ltr'>cum</span> <span class='ocrx_word' id='word_1_99' title='bbox 1605 1228 1687 1268; x_wconf 88' lang='lat' dir='ltr'>luce</span> <span class='ocrx_word' id='word_1_100' title='bbox 1738 1228 1812 1270; x_wconf 83' lang='lat' dir='ltr'>hac</span> 
     </span>
     <span class='ocr_line' id='line_1_15' title="bbox 487 1289 1811 1344; baseline 0.003 -14"><span class='ocrx_word' id='word_1_101' title='bbox 487 1291 599 1330; x_wconf 85' lang='lat' dir='ltr'>etiam</span> <span class='ocrx_word' id='word_1_102' title='bbox 632 1289 754 1330; x_wconf 82' lang='lat' dir='ltr'>sibilus</span> <span class='ocrx_word' id='word_1_103' title='bbox 784 1290 847 1331; x_wconf 79' lang='lat' dir='ltr'>vel</span> <span class='ocrx_word' id='word_1_104' title='bbox 889 1291 1018 1344; x_wconf 85' lang='lat' dir='ltr'>potins</span> <span class='ocrx_word' id='word_1_105' title='bbox 1057 1290 1211 1332; x_wconf 84' lang='lat' dir='ltr'>susurrus</span> <span class='ocrx_word' id='word_1_106' title='bbox 1266 1290 1377 1332; x_wconf 81' lang='lat' dir='ltr'>instar</span> <span class='ocrx_word' id='word_1_107' title='bbox 1428 1289 1550 1331; x_wconf 86' lang='lat' dir='ltr'>susurri</span> <span class='ocrx_word' id='word_1_108' title='bbox 1602 1292 1811 1334; x_wconf 79' lang='lat' dir='ltr'>muscarum</span> 
     </span>
     <span class='ocr_line' id='line_1_16' title="bbox 486 1353 1811 1408; baseline 0.002 -14"><span class='ocrx_word' id='word_1_109' title='bbox 486 1353 699 1394; x_wconf 75' lang='lat' dir='ltr'>audiebatur</span> <span class='ocrx_word' id='word_1_110' title='bbox 720 1386 731 1406; x_wconf 93' lang='lat'>,</span> <span class='ocrx_word' id='word_1_111' title='bbox 764 1354 803 1394; x_wconf 90' lang='lat' dir='ltr'>iu</span> <span class='ocrx_word' id='word_1_112' title='bbox 835 1353 1007 1397; x_wconf 72' lang='lat' dir='ltr'>distantia</span> <span class='ocrx_word' id='word_1_113' title='bbox 1040 1356 1157 1396; x_wconf 86' lang='lat' dir='ltr'>trium</span> <span class='ocrx_word' id='word_1_114' title='bbox 1194 1354 1256 1396; x_wconf 79' lang='lat' dir='ltr'>vel</span> <span class='ocrx_word' id='word_1_115' title='bbox 1295 1363 1453 1408; x_wconf 86' lang='lat' dir='ltr'>quatuor</span> <span class='ocrx_word' id='word_1_116' title='bbox 1503 1354 1684 1396; x_wconf 86' lang='lat' dir='ltr'>linearum</span> <span class='ocrx_word' id='word_1_117' title='bbox 1719 1368 1811 1398; x_wconf 77' lang='lat' dir='ltr'>vero</span> 
     </span>
     <span class='ocr_line' id='line_1_17' title="bbox 487 1417 1813 1474; baseline 0.003 -17"><span class='ocrx_word' id='word_1_118' title='bbox 487 1417 680 1458; x_wconf 89' lang='lat' dir='ltr'>interdum</span> <span class='ocrx_word' id='word_1_119' title='bbox 708 1417 803 1458; x_wconf 62' lang='lat' dir='ltr'>ocio</span> <span class='ocrx_word' id='word_1_120' title='bbox 836 1418 929 1471; x_wconf 84' lang='lat' dir='ltr'>ignis</span> <span class='ocrx_word' id='word_1_121' title='bbox 946 1431 1176 1474; x_wconf 84' lang='lat' dir='ltr'>concrepans</span> <span class='ocrx_word' id='word_1_122' title='bbox 1206 1426 1244 1458; x_wconf 91' lang='lat' dir='ltr'>et</span> <span class='ocrx_word' id='word_1_123' title='bbox 1278 1418 1386 1459; x_wconf 83' lang='lat' dir='ltr'>simul</span> <span class='ocrx_word' id='word_1_124' title='bbox 1418 1418 1531 1459; x_wconf 87' lang='lat' dir='ltr'>index</span> <span class='ocrx_word' id='word_1_125' title='bbox 1551 1420 1723 1460; x_wconf 87' lang='lat' dir='ltr'>recedere</span> <span class='ocrx_word' id='word_1_126' title='bbox 1741 1420 1813 1461; x_wconf 91' lang='lat' dir='ltr'>ob-</span> 
     </span>
     <span class='ocr_line' id='line_1_18' title="bbox 485 1479 1812 1537; baseline 0.003 -17"><span class='ocrx_word' id='word_1_127' title='bbox 485 1480 706 1522; x_wconf 83' lang='lat' dir='ltr'>seruabatur.</span> <span class='ocrx_word' id='word_1_128' title='bbox 773 1479 813 1522; x_wconf 92' lang='lat' dir='ltr'>Si</span> <span class='ocrx_word' id='word_1_129' title='bbox 845 1493 940 1535; x_wconf 87' lang='lat' dir='ltr'>ergo</span> <span class='ocrx_word' id='word_1_130' title='bbox 971 1494 1108 1536; x_wconf 88' lang='lat' dir='ltr'>corpus</span> <span class='ocrx_word' id='word_1_131' title='bbox 1137 1481 1283 1523; x_wconf 71' lang='lat' dir='ltr'>filicitur</span> <span class='ocrx_word' id='word_1_132' title='bbox 1313 1482 1428 1523; x_wconf 80' lang='lat' dir='ltr'>resina</span> <span class='ocrx_word' id='word_1_133' title='bbox 1467 1482 1667 1523; x_wconf 84' lang='lat' dir='ltr'>altitudinis</span> <span class='ocrx_word' id='word_1_134' title='bbox 1703 1485 1812 1537; x_wconf 89' lang='lat' dir='ltr'>quin-</span> 
     </span>
     <span class='ocr_line' id='line_1_19' title="bbox 486 1543 1810 1600; baseline 0.003 -16"><span class='ocrx_word' id='word_1_135' title='bbox 486 1557 557 1598; x_wconf 88' lang='lat' dir='ltr'>que</span> <span class='ocrx_word' id='word_1_136' title='bbox 589 1544 649 1584; x_wconf 85' lang='lat' dir='ltr'>vel</span> <span class='ocrx_word' id='word_1_137' title='bbox 682 1543 776 1585; x_wconf 75' lang='lat' dir='ltr'>oeto</span> <span class='ocrx_word' id='word_1_138' title='bbox 809 1545 991 1586; x_wconf 88' lang='lat' dir='ltr'>linearum</span> <span class='ocrx_word' id='word_1_139' title='bbox 1025 1556 1063 1586; x_wconf 86' lang='lat' dir='ltr'>et</span> <span class='ocrx_word' id='word_1_140' title='bbox 1093 1545 1258 1600; x_wconf 86' lang='lat' dir='ltr'>vndique</span> <span class='ocrx_word' id='word_1_141' title='bbox 1293 1543 1422 1586; x_wconf 67' lang='lat' dir='ltr'>(altem</span> <span class='ocrx_word' id='word_1_142' title='bbox 1457 1546 1620 1599; x_wconf 85' lang='lat' dir='ltr'>quinque</span> <span class='ocrx_word' id='word_1_143' title='bbox 1640 1547 1810 1588; x_wconf 72' lang='lat' dir='ltr'>velosto</span> 
     </span>
     <span class='ocr_line' id='line_1_20' title="bbox 487 1608 1811 1664; baseline 0.002 -15"><span class='ocrx_word' id='word_1_144' title='bbox 487 1610 599 1649; x_wconf 86' lang='lat' dir='ltr'>lineas</span> <span class='ocrx_word' id='word_1_145' title='bbox 632 1618 824 1649; x_wconf 87' lang='lat' dir='ltr'>remotum</span> <span class='ocrx_word' id='word_1_146' title='bbox 876 1608 930 1650; x_wconf 87' lang='lat' dir='ltr'>est</span> <span class='ocrx_word' id='word_1_147' title='bbox 969 1621 990 1648; x_wconf 83' lang='lat' dir='ltr'>a</span> <span class='ocrx_word' id='word_1_148' title='bbox 1023 1610 1244 1664; x_wconf 88' lang='lat' dir='ltr'>corporibus</span> <span class='ocrx_word' id='word_1_149' title='bbox 1289 1610 1514 1650; x_wconf 86' lang='lat' dir='ltr'>deriuatiuac</span> <span class='ocrx_word' id='word_1_150' title='bbox 1563 1609 1811 1652; x_wconf 66' lang='lat' dir='ltr'>clcstricitatis</span> 
     </span>
     <span class='ocr_line' id='line_1_21' title="bbox 484 1671 1807 1725; baseline 0.004 -14"><span class='ocrx_word' id='word_1_151' title='bbox 484 1671 709 1725; x_wconf 77' lang='lat' dir='ltr'>capacibus,</span> <span class='ocrx_word' id='word_1_152' title='bbox 742 1684 822 1712; x_wconf 92' lang='lat' dir='ltr'>non</span> <span class='ocrx_word' id='word_1_153' title='bbox 854 1673 1103 1714; x_wconf 88' lang='lat' dir='ltr'>metuendum</span> <span class='ocrx_word' id='word_1_154' title='bbox 1146 1673 1198 1714; x_wconf 83' lang='lat' dir='ltr'>est</span> <span class='ocrx_word' id='word_1_155' title='bbox 1229 1672 1478 1714; x_wconf 66' lang='lat' dir='ltr'>electricitatis</span> <span class='ocrx_word' id='word_1_156' title='bbox 1518 1672 1807 1716; x_wconf 88' lang='lat' dir='ltr'>decrementum</span> 
     </span>
     <span class='ocr_line' id='line_1_22' title="bbox 484 1735 1808 1793; baseline 0.002 -18"><span class='ocrx_word' id='word_1_157' title='bbox 484 1735 648 1776; x_wconf 78' lang='lat' dir='ltr'>sensibile</span> <span class='ocrx_word' id='word_1_158' title='bbox 670 1767 681 1786; x_wconf 88' lang='lat'>,</span> <span class='ocrx_word' id='word_1_159' title='bbox 710 1735 812 1789; x_wconf 92' lang='lat' dir='ltr'>quod</span> <span class='ocrx_word' id='word_1_160' title='bbox 845 1737 965 1777; x_wconf 88' lang='lat' dir='ltr'>etiam</span> <span class='ocrx_word' id='word_1_161' title='bbox 997 1738 1228 1791; x_wconf 81' lang='lat' dir='ltr'>experientia</span> <span class='ocrx_word' id='word_1_162' title='bbox 1261 1735 1334 1792; x_wconf 86' lang='lat' dir='ltr'>ipsa</span> <span class='ocrx_word' id='word_1_163' title='bbox 1368 1748 1432 1777; x_wconf 94' lang='lat' dir='ltr'>me</span> <span class='ocrx_word' id='word_1_164' title='bbox 1459 1737 1598 1778; x_wconf 87' lang='lat' dir='ltr'>docuit.</span> <span class='ocrx_word' id='word_1_165' title='bbox 1633 1737 1732 1793; x_wconf 76' lang='lat' dir='ltr'>Quia</span> <span class='ocrx_word' id='word_1_166' title='bbox 1752 1748 1808 1779; x_wconf 84' lang='lat' dir='ltr'>ta-</span> 
     </span>
     <span class='ocr_line' id='line_1_23' title="bbox 486 1798 1809 1855; baseline 0.002 -15"><span class='ocrx_word' id='word_1_167' title='bbox 486 1812 574 1840; x_wconf 90' lang='lat' dir='ltr'>men</span> <span class='ocrx_word' id='word_1_168' title='bbox 608 1799 644 1838; x_wconf 88' lang='lat' dir='ltr'>in</span> <span class='ocrx_word' id='word_1_169' title='bbox 676 1798 842 1839; x_wconf 82' lang='lat' dir='ltr'>distantia</span> <span class='ocrx_word' id='word_1_170' title='bbox 875 1801 989 1841; x_wconf 91' lang='lat' dir='ltr'>trium</span> <span class='ocrx_word' id='word_1_171' title='bbox 1026 1800 1210 1855; x_wconf 93' lang='lat' dir='ltr'>pollicum</span> <span class='ocrx_word' id='word_1_172' title='bbox 1243 1813 1264 1841; x_wconf 85' lang='lat' dir='ltr'>a</span> <span class='ocrx_word' id='word_1_173' title='bbox 1297 1801 1436 1842; x_wconf 85' lang='lat' dir='ltr'>lamina</span> <span class='ocrx_word' id='word_1_174' title='bbox 1486 1800 1602 1842; x_wconf 76' lang='lat' dir='ltr'>ferrea</span> <span class='ocrx_word' id='word_1_175' title='bbox 1635 1801 1699 1841; x_wconf 83' lang='lat' dir='ltr'>lux</span> <span class='ocrx_word' id='word_1_176' title='bbox 1732 1802 1809 1842; x_wconf 82' lang='lat' dir='ltr'>ori-</span> 
     </span>
     <span class='ocr_line' id='line_1_24' title="bbox 485 1863 1806 1918; baseline 0.001 -16"><span class='ocrx_word' id='word_1_177' title='bbox 485 1873 546 1902; x_wconf 84' lang='lat' dir='ltr'>tur</span> <span class='ocrx_word' id='word_1_178' title='bbox 573 1874 736 1915; x_wconf 86' lang='lat' dir='ltr'>corpore</span> <span class='ocrx_word' id='word_1_179' title='bbox 777 1863 1027 1906; x_wconf 76' lang='lat' dir='ltr'>elec&#39;tricitatis</span> <span class='ocrx_word' id='word_1_180' title='bbox 1076 1865 1298 1905; x_wconf 84' lang='lat' dir='ltr'>deriuatiuae</span> <span class='ocrx_word' id='word_1_181' title='bbox 1346 1864 1457 1905; x_wconf 77' lang='lat' dir='ltr'>valde</span> <span class='ocrx_word' id='word_1_182' title='bbox 1506 1865 1664 1918; x_wconf 88' lang='lat' dir='ltr'>capaci,</span> <span class='ocrx_word' id='word_1_183' title='bbox 1697 1876 1731 1903; x_wconf 89' lang='lat' dir='ltr'>e.</span> <span class='ocrx_word' id='word_1_184' title='bbox 1766 1878 1806 1918; x_wconf 89' lang='lat' dir='ltr'>g.</span> 
     </span>
     <span class='ocr_line' id='line_1_25' title="bbox 486 1925 1805 1981; baseline 0.002 -16"><span class='ocrx_word' id='word_1_185' title='bbox 486 1925 637 1966; x_wconf 80' lang='lat' dir='ltr'>metallo</span> <span class='ocrx_word' id='word_1_186' title='bbox 671 1925 972 1981; x_wconf 82' lang='lat' dir='ltr'>adpmpinquato</span> <span class='ocrx_word' id='word_1_187' title='bbox 991 1961 1001 1980; x_wconf 92' lang='lat'>,</span> <span class='ocrx_word' id='word_1_188' title='bbox 1034 1930 1245 1969; x_wconf 86' lang='lat' dir='ltr'>cauendum</span> <span class='ocrx_word' id='word_1_189' title='bbox 1279 1927 1350 1968; x_wconf 76' lang='lat' dir='ltr'>effi:</span> <span class='ocrx_word' id='word_1_190' title='bbox 1382 1928 1561 1979; x_wconf 85' lang='lat' dir='ltr'>videtur,</span> <span class='ocrx_word' id='word_1_191' title='bbox 1595 1937 1639 1967; x_wconf 83' lang='lat' dir='ltr'>vt</span> <span class='ocrx_word' id='word_1_192' title='bbox 1665 1926 1805 1968; x_wconf 83' lang='lat' dir='ltr'>ferrum</span> 
     </span>
     <span class='ocr_line' id='line_1_26' title="bbox 482 1988 1806 2046; baseline 0.002 -18"><span class='ocrx_word' id='word_1_193' title='bbox 482 1989 546 2029; x_wconf 80' lang='lat' dir='ltr'>vel</span> <span class='ocrx_word' id='word_1_194' title='bbox 579 1988 678 2029; x_wconf 85' lang='lat' dir='ltr'>aliud</span> <span class='ocrx_word' id='word_1_195' title='bbox 711 1991 911 2032; x_wconf 86' lang='lat' dir='ltr'>metallum</span> <span class='ocrx_word' id='word_1_196' title='bbox 933 2025 945 2043; x_wconf 90' lang='lat'>,</span> <span class='ocrx_word' id='word_1_197' title='bbox 978 1991 1041 2032; x_wconf 71' lang='lat' dir='ltr'>vel</span> <span class='ocrx_word' id='word_1_198' title='bbox 1075 2005 1169 2046; x_wconf 84' lang='lat' dir='ltr'>aqua</span> <span class='ocrx_word' id='word_1_199' title='bbox 1203 1991 1327 2032; x_wconf 88' lang='lat' dir='ltr'>homo</span> <span class='ocrx_word' id='word_1_200' title='bbox 1359 2001 1431 2031; x_wconf 92' lang='lat' dir='ltr'>etc.</span> <span class='ocrx_word' id='word_1_201' title='bbox 1469 2003 1490 2031; x_wconf 80' lang='lat' dir='ltr'>a</span> <span class='ocrx_word' id='word_1_202' title='bbox 1520 2001 1686 2043; x_wconf 89' lang='lat' dir='ltr'>corpore</span> <span class='ocrx_word' id='word_1_203' title='bbox 1727 1992 1806 2031; x_wconf 61' lang='lat' dir='ltr'>elee-</span> 
     </span>
     <span class='ocr_line' id='line_1_27' title="bbox 482 2052 1805 2109; baseline 0.003 -18"><span class='ocrx_word' id='word_1_204' title='bbox 482 2052 669 2092; x_wconf 65' lang='lat' dir='ltr'>&amp;sificato</span> <span class='ocrx_word' id='word_1_205' title='bbox 703 2061 774 2092; x_wconf 78' lang='lat' dir='ltr'>tres</span> <span class='ocrx_word' id='word_1_206' title='bbox 803 2054 934 2095; x_wconf 76' lang='lat' dir='ltr'>saltem</span> <span class='ocrx_word' id='word_1_207' title='bbox 969 2056 1106 2109; x_wconf 80' lang='lat' dir='ltr'>digitos</span> <span class='ocrx_word' id='word_1_208' title='bbox 1135 2054 1254 2096; x_wconf 81' lang='lat' dir='ltr'>distet.</span> <span class='ocrx_word' id='word_1_209' title='bbox 1289 2054 1389 2095; x_wconf 83' lang='lat' dir='ltr'>Hinc</span> <span class='ocrx_word' id='word_1_210' title='bbox 1423 2053 1618 2094; x_wconf 83' lang='lat' dir='ltr'>consultius</span> <span class='ocrx_word' id='word_1_211' title='bbox 1648 2054 1719 2094; x_wconf 77' lang='lat' dir='ltr'>esst:</span> <span class='ocrx_word' id='word_1_212' title='bbox 1747 2055 1805 2095; x_wconf 71' lang='lat' dir='ltr'>vi-</span> 
     </span>
     <span class='ocr_line' id='line_1_28' title="bbox 483 2114 1782 2173; baseline 0.002 -16"><span class='ocrx_word' id='word_1_213' title='bbox 483 2116 620 2168; x_wconf 89' lang='lat' dir='ltr'>detur,</span> <span class='ocrx_word' id='word_1_214' title='bbox 653 2114 680 2157; x_wconf 80' lang='lat' dir='ltr'>si</span> <span class='ocrx_word' id='word_1_215' title='bbox 712 2116 850 2157; x_wconf 75' lang='lat' dir='ltr'>resinae</span> <span class='ocrx_word' id='word_1_216' title='bbox 869 2150 879 2167; x_wconf 89' lang='lat'>,</span> <span class='ocrx_word' id='word_1_217' title='bbox 912 2131 1006 2170; x_wconf 80' lang='lat' dir='ltr'>quae</span> <span class='ocrx_word' id='word_1_218' title='bbox 1038 2117 1208 2160; x_wconf 78' lang='lat' dir='ltr'>inseruire</span> <span class='ocrx_word' id='word_1_219' title='bbox 1241 2117 1350 2159; x_wconf 83' lang='lat' dir='ltr'>debet</span> <span class='ocrx_word' id='word_1_220' title='bbox 1385 2117 1607 2173; x_wconf 81' lang='lat' dir='ltr'>corporibus</span> <span class='ocrx_word' id='word_1_221' title='bbox 1623 2117 1782 2159; x_wconf 68' lang='lat' dir='ltr'>electrifi</span> 
     </span>
    </p>

    <p class='ocr_par' dir='ltr' id='par_1_6' title="bbox 1713 2193 1801 2222">
     <span class='ocr_line' id='line_1_29' title="bbox 1713 2193 1801 2222; baseline -0.011 0"><span class='ocrx_word' id='word_1_222' title='bbox 1713 2193 1801 2222; x_wconf 82' lang='lat' dir='ltr'>can-</span> 
     </span>
    </p>
   </div>
  </div>
 </body>
</html>
