2020 2668
540 126 628 176 362
855 121 937 166 NV
937 121 1033 166 MV
1030 121 1062 165 S
1093 115 1488 165 CYRENAEORV
1484 121 1539 165 M

539 238 589 281 ris
620 238 746 279 K‘I'P.
781 237 940 279 KOIN.
977 248 1051 290 qua
1083 233 1324 289 inscriptione
1353 245 1514 277 omnem
1541 231 1761 290 pentapolin
1782 231 1861 289 Cy·

543 314 762 344 renaeorum
798 299 1076 355 comprehendi
1110 299 1302 340 existimo.

660 364 799 419 Neque
830 364 980 405 historia
999 396 1010 415 ‚
1043 362 1150 417 spero
1180 363 1360 417 equidem
1380 393 1392 414 ,
1442 361 1537 404 mihi
1573 362 1635 403 hic
1665 372 1865 418 repugnat.

542 426 677 469 D.›cet
708 428 814 469 enim
848 425 1087 469 DlODOR.
1120 424 1347 468 SlCVLVS
1378 423 1463 468 libr.
1500 426 1660 468 XVIII.
1682 428 1728 468 ad
1749 439 1864 480 quem

543 493 707 533 modum
731 524 742 542 ,
784 503 930 546 quoque
982 502 1158 544 tempore
1206 487 1408 542 cyrenae,
1459 490 1638 543 vrbesque
1687 489 1836 530 vicinae
1857 522 1869 542 ,

544 554 676 597 amiffit
710 555 879 596 libertate
915 554 1148 595 Ptoletnaico
1180 565 1298 607 regno
1328 552 1510 593 subiectae
1542 553 1685 594 fuerint.
1722 552 1765 594 Id
1803 565 1871 594 ve·

545 631 592 660 ro
610 632 729 672 quum
749 619 881 674 primis
899 618 1021 659 statim
1040 618 1085 658 ab
1104 617 1312 658 Alexandri
1332 615 1393 657 Μ.
1414 617 1522 657 obitu
1540 617 1643 656 annis
1660 617 1835 657 acciderit
1856 630 1869 671 ·‚

546 683 651 724 nullo
670 682 751 724 sane
770 682 923 736 negotio
941 681 1164 734 conficitur,
1184 693 1346 721 numum
1366 679 1488 732 hunc,
1507 679 1771 721 (abiectionem
1791 678 1872 732 Cy-

547 747 715 788 renaicae
733 747 854 801 gentis
872 744 1142 786 describentem
1163 778 1174 797 ,
1193 744 1428 785 restrendnm
1454 743 1524 785 effi:
1542 745 1588 784 ad
1607 744 1872 785 Ptolemaeum

549 812 721 864 primum
742 843 753 862 ,
780 811 1019 851 conditorem
1072 809 1320 850 ptolemaicae
1339 809 1459 861 gentis
1477 840 1488 859 ‚
1522 820 1614 862 quae
1666 809 1871 861 imperium

548 875 720 928 Aegypti
742 886 856 928 vsque
875 874 920 914 ad
941 873 1026 914 illud
1048 883 1199 926 tempus
1219 872 1644 925 tenuit,quoR0manis
1664 882 1742 912 tam
1763 871 1874 912 nobi-

549 937 583 978 le
603 938 850 991 regnum‚li1b
868 935 940 991 ipsa
961 935 1127 977 nascente
1147 936 1389 987 monarchia,
1402 936 1549 988 penitus
1568 935 1769 975 subiec‘tum
1790 934 1870 975 sriit.

668 999 796 1054 Atque
828 1000 917 1040 haec
951 999 1060 1039 habui
1093 1001 1139 1039 de
1174 1008 1510 1051 monogrammate
1541 1000 1577 1038 in
1608 999 1733 1038 numis
1752 998 1876 1038 Ptole-

551 1076 667 1104 maeo
699 1063 879 1116 inscriptis
911 1073 1140 1102 occurrente.
1175 1062 1312 1104 Nolim
1348 1072 1475 1100 tamen
1509 1062 1734 1101 contendere
1776 1061 1874 1102 hanc

550 1126 856 1180 explicationem
876 1157 887 1176 ,
922 1124 1020 1165 hisce
1054 1126 1179 1164 numis
1209 1124 1548 1165 accommodatam
1570 1157 1581 1176 ,
1613 1125 1746 1165 ceteris
1787 1137 1874 1164 mo-

551 1190 744 1231 numentis
778 1188 956 1239 vetustis,
990 1197 1076 1228 ante
1109 1186 1314 1240 susceptam
1351 1185 1575 1238 religionem
1618 1185 1874 1228 Christianam

551 1253 747 1294 elaboratis
767 1284 777 1303 ,
829 1252 855 1293 si
890 1263 961 1306 qua
994 1261 1115 1291 certae
1169 1250 1256 1292 fidei
1288 1261 1376 1290 cum
1411 1247 1485 1289 hoc
1538 1261 1875 1303 monogrammate

551 1316 769 1372 supersunt,
798 1316 936 1357 debere
967 1315 1148 1369 applicari
1170 1347 1180 1366 ,
1215 1325 1328 1368 eaque
1361 1312 1405 1352 ad
1437 1312 1596 1353 eundem
1630 1313 1772 1354 lenium
1808 1327 1876 1354 co-

551 1382 604 1435 gi.
671 1378 842 1421 Sufficiat
875 1379 973 1420 mihi
995 1411 1005 1429 ,
1041 1379 1064 1420 si
1099 1378 1246 1419 idoneis
1280 1376 1423 1417 arbitris
1455 1376 1552 1417 visus
1582 1376 1684 1417 sucro
1704 1390 1782 1417 non
1802 1379 1878 1419 im·

553 1443 759 1498 probabilia
791 1444 838 1484 de
870 1442 927 1484 his
960 1444 1085 1483 numis
1117 1441 1290 1483 attulisse.

672 1507 842 1548 Prostant
875 1508 992 1547 etiam
1031 1507 1138 1546 numi
1174 1506 1481 1546 Ptolemaeorum
1503 1537 1514 1554 ,
1547 1505 1612 1545 vbi
1649 1505 1685 1544 in
1716 1517 1798 1545 area
1819 1505 1876 1544 vi-

555 1573 682 1613 suntur
715 1571 855 1611 litterae
888 1571 983 1621 1<1,
1015 1583 1104 1624 quas
1136 1569 1369 1610 manifestum
1404 1569 1455 1609 est
1489 1568 1541 1608 ibi
1576 1581 1651 1607 non
1687 1567 1791 1622 polse
1809 1569 1873 1608 de-

553 1637 698 1689 signare
731 1646 860 1674 aeram
893 1635 1056 1688 aliquam
1079 1667 1089 1685 ,
1122 1647 1238 1688 quum
1274 1634 1334 1674 illi
1368 1632 1522 1674 seorsum
1563 1631 1695 1672 exstet.
1761 1632 1877 1672 Vide-

555 1709 649 1751 ant,
684 1699 818 1753 quibus
853 1698 1022 1739 manibus
1057 1698 1219 1750 propriis
1253 1697 1408 1738 tmc'tare
1456 1696 1547 1735 tales
1581 1695 1697 1746 licet,
1751 1706 1879 1736 annon

556 1763 652 1804 sorte
688 1776 758 1816 pro
794 1766 809 1805 Ι
850 1762 886 1802 in
922 1762 991 1801 illis
1024 1761 1142 1801 exstet
1176 1763 1209 1801 Υ
1233 1793 1243 1810 ,
1275 1762 1371 1814 quod
1408 1761 1445 1800 in
1480 1759 1623 1800 detritis
1656 1770 1692 1799 et
1734 1760 1882 1813 aerugi-

555 1827 652 1868 nosis
693 1826 816 1866 nnmis
848 1825 1117 1865 delineantium
1153 1826 1282 1865 oculos
1315 1824 1497 1864 fefellerit.

676 1889 740 1930 De
774 1901 888 1929 cornu
923 1890 1057 1942 copiae
1091 1889 1126 1928 in
1162 1888 1236 1929 hoc
1274 1901 1392 1928 numo
1425 1887 1516 1927 nihil
1552 1886 1727 1927 volebam
1773 1887 1880 1926 initio

558 1954 727 1993 adiicere.
765 1952 874 1994 Nolo
908 1962 1036 1993 tamen
1071 1953 1221 1993 reticere
1242 1985 1252 2004 ,
1285 1964 1349 1991 me
1382 1952 1540 1992 dubium
1575 1950 1645 1988 effe
1667 1983 1677 2001 ‚
1718 1951 1804 2003 quid
1839 1950 1882 1990 il-

559 2017 622 2057 lud
658 2018 728 2055 csse
762 2017 884 2056 dicam
908 2049 918 2067 ‚
959 2017 1059 2069 quod
1096 2015 1161 2069 ipsi
1184 2049 1194 2067 ‚
1245 2026 1435 2067 tamquam
1488 2013 1642 2052 fulcrum
1678 2025 1739 2053 aut
1793 2013 1882 2054 scala

559 2079 750 2121 adieetum
785 2080 848 2120 eli.
913 2077 1156 2121 Confidctaui
1191 2078 1400 2121 multorum
1452 2076 1610 2117 aliorum
1660 2078 1880 2118 delineatio-

1787 2152 1882 2191 nes,
