2020 2668
153 110 370 158 THEOR.
413 112 578 158 CIRCA
623 108 930 156 DIVISORES
972 110 1198 157 NVMER.
1243 121 1321 157 cet.
1371 123 1455 165 175

159 241 285 270 merus
316 240 383 281 pat
415 237 482 267 nec
513 224 606 266 vnus
636 226 766 266 diuisor
797 225 946 265 numeri
979 225 1035 267 N.
1068 225 1217 268 Deinde
1247 226 1363 268 etiam
1382 237 1464 266 ma-

161 291 331 332 nifestum
363 291 414 331 est
435 322 446 341 ,
475 301 606 329 omnes
639 289 782 329 valores
815 288 919 340 ipsius
950 303 976 329 α
1008 290 1056 329 ita
1074 290 1237 331 ordinari
1271 291 1392 343 posse,
1420 297 1463 328 vt

160 355 230 395 snit
261 356 426 394 minores
454 364 567 406 quam
611 352 710 393 2N.
773 350 813 391 Si
844 353 947 392 enim
981 352 1024 392 sit
1075 351 1465 402 4Nm÷2N÷b

161 417 321 468 diuisor,
352 427 432 457 tum
467 415 588 468 posito
619 428 735 455 m—1
776 415 864 454 loco
896 428 932 456 m
952 447 963 466 ,
998 417 1132 456 diuisor
1164 418 1236 457 erit
1283 416 1464 466 4Nm—

170 478 214 535 (2
228 480 269 522 N
281 482 374 528 -b).
438 479 558 519 Erunt
587 490 678 532 ergo
697 479 838 519 valores
870 479 976 532 ipsius
993 493 1017 519 α
1036 481 1182 520 numeri
1202 482 1367 534 impares
1386 479 1464 532 pri·-

160 544 218 583 mi
257 544 302 584 ad
351 541 423 593 N,
465 541 630 582 minores
661 554 775 596 quam
823 555 846 580 2
868 542 910 584 N
930 575 940 594 ,
971 543 1179 596 horumque
1220 554 1465 583 numerorum

159 608 332 646 omnium
353 605 555 657 imparium
574 614 611 643 et
634 607 847 657 primorum
881 608 926 646 ad
961 605 1004 646 N
1034 616 1071 645 et
1106 608 1323 657 minorum,
1348 617 1464 660 quam

164 681 187 706 2
211 669 251 710 N
271 703 281 721 ,
317 667 463 708 semiffis
495 677 639 707 tantum
677 669 867 720 praebebit
899 669 1054 709 idoneos
1086 670 1230 710 valores
1272 669 1379 723 ipsius
1410 682 1466 720 α,

160 733 287 786 reliqui
321 732 551 771 exhibebunt
583 730 790 779 formulas,
826 732 864 771 in
882 733 1011 785 quibus
1041 733 1150 785 plane
1198 733 1313 773 nullus
1346 733 1466 772 conti-

158 806 266 836 netur
305 794 450 835 diuiibr.
517 793 702 847 Perpetuo
735 793 870 834 scilicet
903 795 1064 834 totidem
1114 794 1345 835 habebuntur
1394 794 1465 834 for-

161 858 284 899 mulae
317 857 537 908 diuisorum‚
569 865 661 909 quot
691 853 769 894 sunt
801 856 1027 909 contrariae,
1049 855 1128 897 solo
1160 867 1324 911 excepto
1353 856 1433 897 casu
1453 888 1466 908 ,

161 933 238 974 quo
271 919 315 961 N
333 932 387 959 :2
411 931 450 958 1.

587 975 912 1036 Annotatio
959 997 1039 1054 15.

159 1066 274 1124 de
309 1065 353 1106 ad
385 1060 583 1105 numerum
620 1065 793 1105 valorum
828 1067 935 1119 ipfius
970 1081 995 1106 α
1035 1081 1106 1122 pro
1139 1066 1300 1107 formula
1332 1064 1464 1107 diuiso-

158 1144 242 1171 rum
277 1128 516 1185 4Ntnssoe
548 1130 710 1178 attinet,
753 1132 935 1181 quoniam
976 1131 1027 1169 ob
1061 1131 1204 1183 {ignum
1242 1130 1463 1182 ambiguum

159 1194 303 1247 quaeuis
338 1191 494 1232 formula
525 1191 579 1231 est
611 1190 752 1243 duplex
771 1223 782 1241 ,
812 1191 873 1232 hic
907 1205 1054 1246 quoque
1087 1194 1224 1234 eadem
1244 1194 1378 1232 valebit
1405 1205 1462 1232 re-

159 1257 240 1310 gula
261 1288 272 1307 ,
314 1267 427 1309 quam
467 1254 568 1307 [upra
601 1263 731 1294 annot.
751 1256 794 1294 6.
829 1255 932 1296 dedi.
1005 1255 1067 1297 Sic
1105 1258 1143 1296 in
1173 1256 1314 1295 vltimo
1353 1255 1466 1295 theo·

160 1330 303 1360 rem-ite
326 1349 336 1369 ,
377 1330 450 1370 quo
487 1327 566 1357 erat
608 1315 646 1358 N
666 1328 721 1355 z
748 1328 830 1365 105
854 1331 908 1358 z:
929 1328 976 1370 3,
1016 1329 1063 1370 5,
1096 1329 1145 1370 7,
1188 1331 1363 1358 numerus
1394 1329 1464 1358 va-

163 1385 286 1424 lorum
321 1381 429 1434 ipsius
458 1393 484 1420 α
514 1381 659 1421 erit:
683 1393 729 1431 2,
763 1395 815 1430 4,
849 1385 878 1419 6
893 1394 951 1420 z:
970 1386 1025 1431 48
1048 1414 1059 1433 ,
1101 1384 1160 1422 seu
1193 1393 1282 1421 cum
1317 1381 1466 1435 quaeuis

162 1445 320 1486 formula
359 1444 400 1484 sit
440 1443 591 1497 gemina
610 1476 621 1496 ,
660 1455 834 1484 numerus
872 1444 1118 1486 formularum
1159 1444 1205 1486 fit
1240 1457 1298 1495 24
1317 1476 1329 1497 ,
1370 1453 1465 1498 quot

160 1511 274 1550 etiarn
307 1506 555 1548 exhibuimus.

587 1599 904 1658 Annotatio
950 1600 1037 1660 16.

161 1686 264 1727 Sicut
293 1694 416 1725 autem
450 1686 569 1725 vnit215
602 1697 779 1739 perpetuo
821 1688 915 1727 inter
948 1688 1094 1728 valores
1131 1685 1239 1740 ipsius
1269 1700 1295 1726 α
1326 1685 1462 1738 reperi-

163 1760 251 1799 tur,
285 1749 336 1787 ita
370 1750 495 1787 etiam-
517 1750 633 1800 quiuis
674 1761 849 1790 numerus
889 1753 1112 1803 quadratus,
1152 1751 1213 1803 qui
1248 1750 1289 1790 fit
1321 1750 1466 1802 primus

165 1813 210 1853 ad
238 1810 319 1861 4N
334 1843 344 1861 ,
364 1811 534 1850 valorem
565 1812 744 1852 idoneum
779 1825 850 1865 pro
870 1827 895 1852 α
914 1812 1167 1867 suppeditabit.
1209 1812 1334 1853 Pofito
1359 1814 1464 1852 enim

163 1876 338 1924 θῖνα,
368 1873 527 1913 tbi-mula
561 1874 787 1916 aa-Nbb
822 1875 898 1915 abit
934 1877 970 1916 in
1001 1875 1258 1923 aa—4Ncc
1291 1876 1348 1915 ῐὲιι
1380 1873 1463 1925 4N

165 1950 362 1987 ccssaa,
402 1949 449 1976 ex
485 1949 558 1989 quo
591 1947 690 1990 patet
723 1940 889 1990 quemuis
908 1951 1105 1980 numerum
1143 1941 1359 1993 quadmtum
1378 1952 1463 1990 aa,

166 2003 228 2055 qui
249 2002 289 2042 fit
310 2000 451 2052 primus
483 2000 529 2040 ad
563 2001 644 2051 4N
665 2034 674 2052 ,
707 2002 885 2041 exhibere
919 2005 1085 2043 valorem
1108 2004 1284 2043 idoneum
1317 2014 1387 2055 pro
1419 2017 1465 2054 α,

164 2063 347 2105 sumendo
378 2062 510 2103 scilicet
543 2065 687 2106 residuo
706 2096 716 2116 ,
755 2066 858 2119 quod
890 2067 928 2106 in
956 2066 1132 2107 diuisrone
1171 2066 1278 2120 ipfius
1309 2079 1372 2107 aa
1402 2078 1467 2119 per

1377 2142 1408 2177 4
1428 2126 1468 2169 N
