2020 2668
540 126 628 166 186
698 124 782 167 DE
823 119 1000 168 MOTV
1027 117 1355 169 CORPORVM
1383 122 1793 168 FLEXIBILIVM.

536 249 598 280 tae
618 271 630 291 ,
662 239 879 280 considerari
901 269 914 291 ,
963 247 1002 279 et
1033 251 1111 293 quo
1144 246 1252 279 motu
1293 238 1510 291 promoueri
1554 247 1711 291 pergant
1731 271 1742 290 ,
1775 249 1862 278 exa-

535 304 673 344 minari
705 303 923 357 debebunt,
973 313 1056 343 tum
1092 313 1185 343 vero
1225 302 1391 341 flexurae
1423 302 1594 355 cuiusque
1630 303 1685 341 vis
1722 302 1772 342 cst
1806 302 1867 341 in-

535 366 748 420 vestiganda
768 399 779 418 ,
818 379 912 420 quae
942 365 1079 420 fingula
1113 375 1242 406 motus
1273 366 1325 405 ita
1360 366 1599 415 moderetur,
1634 375 1675 405 vt
1710 376 1831 420 partes
1850 396 1863 416 ,

535 430 592 469 vti
627 440 756 470 natura
790 429 983 483 postulat,
1033 430 1232 482 contiguae
1266 429 1524 470 conseruentur
1543 462 1554 481 ,
1598 428 1744 482 hocque
1776 441 1866 469 mo-

535 493 588 533 do
621 493 667 534 ad
701 494 859 546 quoduis
898 503 1146 534 momentum
1180 501 1308 533 motus
1338 493 1558 546 singularum
1585 494 1753 546 corporis
1779 505 1865 546 par·

536 557 633 597 tium
667 556 878 598 definietur.
950 557 1012 598 En
1043 570 1136 611 ergo
1169 556 1294 610 paucis
1325 558 1444 597 verbis
1473 557 1720 610 complexam
1742 567 1864 598 totam

537 620 765 661 methodum
788 653 799 673 ,
839 633 910 675 qua
944 621 981 660 in
1015 621 1089 661 hoc
1121 622 1279 674 negotio
1311 622 1368 661 vti
1401 631 1588 674 oportet,
1621 621 1774 660 interim
1807 629 1865 662 ta·

535 695 628 724 men
668 685 707 724 in
739 686 818 725 eius
857 684 1114 738 applicatione
1169 684 1342 725 maxima
1393 683 1579 725 obstacula
1635 694 1864 738 occurrunt,

535 759 634 801 quae
677 747 848 802 fingulari
894 747 1227 802 circumspectione
1276 747 1465 789 remoueri
1507 748 1657 789 debent.
1735 747 1867 790 Maxi-

536 824 650 852 mum
692 822 820 852 autem
872 811 1066 852 subsidium
1107 812 1148 852 in
1198 811 1267 852 hac
1301 811 1584 865 inuestigatione
1628 812 1664 851 in
1695 824 1744 852 eo
1778 825 1865 854 vcr-

537 874 668 927 fitur,
719 886 765 915 vt
804 874 866 915 ille
906 875 985 929 ipse
1020 885 1175 925 motus,
1226 876 1287 929 qui
1320 876 1532 929 quaeritur,
1582 876 1704 916 modo
1745 890 1861 930 quam

538 938 857 979 commodissimo
895 952 964 993 per
1007 937 1176 990 symbola
1217 938 1536 992 repraesentetur3
1568 952 1639 993 qua
1672 939 1719 980 de
1752 952 1793 981 re
1825 942 1865 983 in

535 1002 704 1058 sequenti
742 1002 886 1044 scholio
918 1013 1006 1044 ante
1040 1002 1172 1044 omnia
1205 1001 1259 1043 est
1291 1002 1573 1057 explicandum.

1006 1115 1280 1175 Scholion
1325 1137 1374 1175 2.

660 1227 730 1255 11.
767 1211 1061 1255 Consideremus
1098 1213 1229 1267 primo
1261 1224 1423 1268 corpora
1455 1212 1568 1253 vnica
1596 1213 1737 1256 flexura
1755 1228 1863 1270 prae·

537 1277 612 1319 dita
633 1311 644 1331 ‚
676 1278 734 1319 his
762 1279 866 1319 enim
901 1278 1136 1332 pertractatis
1165 1291 1242 1318 non
1277 1277 1487 1319 admodum
1522 1276 1675 1319 difficile
1714 1282 1783 1322 erit
1813 1281 1861 1323 ad

537 1343 659 1396 plures
691 1343 847 1383 flexuras
871 1342 1100 1383 methodum
1135 1343 1441 1383 accommodare.
1508 1341 1737 1383 Huiusmodi
1767 1357 1862 1398 ergo

536 1406 705 1459 corporis
748 1417 906 1456 motus,
941 1416 1130 1459 vrcunque
1164 1404 1269 1446 fuerit
1298 1416 1564 1458 comparatus,
1596 1417 1728 1447 mente
1747 1421 1860 1449 com-

538 1462 792 1523 prehendetur
823 1480 932 1522 atque
969 1469 1227 1522 intelligetur,
1263 1470 1289 1510 si
1324 1471 1454 1522 primo
1503 1471 1722 1511 nouerimus
1774 1484 1862 1513 mo-

538 1543 622 1573 tum
643 1565 654 1583 ,
690 1547 767 1587 quo
800 1532 874 1586 ipfii
909 1532 1052 1573 flexura
1090 1535 1367 1588 progrediatur,
1392 1532 1466 1572 hoc
1501 1533 1572 1585 cst,
1593 1535 1857 1588 viam,quam

535 1596 738 1649 describit,
772 1607 882 1650 atque
912 1597 988 1636 eius
1019 1597 1247 1638 celeritatem
1282 1598 1319 1637 in
1354 1597 1500 1650 singulis
1533 1597 1638 1638 locis.
1706 1597 1860 1639 Deinde

537 1661 563 1702 si
599 1672 751 1714 uiaque
785 1673 870 1714 pars
902 1673 980 1700 non
1012 1672 1120 1701 motu
1155 1661 1219 1702 fibi
1254 1661 1434 1715 parallelo
1466 1660 1646 1701 flexurum
1688 1661 1859 1716 sequatur

535 1725 722 1778 Vtriusque
756 1735 883 1764 motus
915 1726 1111 1765 mtatorius
1144 1723 1203 1766 scu
1235 1725 1416 1779 angularis
1448 1725 1546 1765 circa
1581 1724 1697 1778 ipfiim
1734 1726 1861 1768 flexu-

535 1800 619 1829 ram
652 1788 763 1828 debet
804 1787 993 1841 cognosci.
1078 1788 1259 1830 Tandem
1291 1790 1337 1830 ad
1370 1789 1526 1842 quoduis
1574 1799 1726 1842 tempus
1773 1791 1859 1832 {itus

535 1852 699 1904 partium
735 1851 899 1905 respectu
935 1853 1062 1906 plagae
1097 1854 1205 1894 datae
1238 1854 1308 1893 crit
1328 1853 1568 1894 definiendus.
1633 1853 1857 1895 uasautcm

536 1927 592 1955 res
625 1915 648 1954 si
683 1915 717 1953 in
754 1917 884 1968 quouis
917 1928 1024 1956 motu
1059 1917 1189 1958 oblato
1219 1917 1469 1957 determinare
1517 1927 1627 1970 utque
1676 1916 1857 1970 allignare

538 1979 771 2033 poterimus,
809 1989 889 2020 tum
924 1981 1079 2021 dubium
1111 1980 1164 2021 est
1198 1980 1364 2033 nullum,
1399 1980 1487 2034 quin
1524 1989 1646 2020 totum
1690 1982 1859 2034 corporis

539 2052 690 2083 motum
723 2043 888 2097 peritae
921 2043 1126 2086 habeamus
1158 2045 1368 2100 cognitum.
1433 2042 1496 2085 Ad
1529 2042 1622 2085 hacc
1642 2054 1766 2084 antem
1786 2056 1856 2084 cx-

1675 2107 1855 2162 pcdicnds
