2020 2668
496 114 581 163 248
617 108 929 153 OBSERVAT.
965 104 1313 151 METEOROL.
1349 102 1811 152 leTlT.PETROP.

697 223 810 265 Nov.
914 242 957 250 -
1022 230 1175 273 80³³
1228 242 1271 249 —
1347 222 1505 271 28.64
1567 241 1610 250 --
1694 232 1816 273 ¹·49

703 287 802 329 Dec.
918 306 961 313 —
1024 296 1178 338 30.40
1230 307 1274 316 —
1347 287 1499 327 28.66
1565 306 1610 314 -
1699 295 1819 336 1·74

610 415 644 464 ς.
670 427 707 454 2.
747 415 920 468 Apparet
951 425 1002 454 ex
1035 412 1093 454 his
1123 412 1377 454 altitudinibus
1419 412 1656 465 barometri,
1690 423 1820 457 mmm

497 481 713 523 maximam
748 478 825 519 hoc
858 490 960 518 anno
991 477 1098 519 fuiffe
1131 489 1205 528 30.
1240 480 1301 518 60
1322 509 1334 531 ,
1383 489 1479 531 quae
1508 478 1700 518 obseruata
1751 477 1821 518 fuit

498 546 559 585 die
595 553 665 591 13.
699 541 910 594 Octobris,
943 551 1122 594 tempore
1157 543 1374 594 matutino,
1409 543 1448 582 in
1481 540 1642 596 perfecta
1692 539 1824 581 streni-

497 619 572 649 tate
591 640 604 659 ‚
635 619 726 648 cum
760 606 901 646 nebulis
920 636 931 655 ‚
963 616 1003 645 ct
1036 604 1108 645 leui
1140 604 1404 658 congelatione
1423 637 1435 656 ,
1467 605 1630 659 spirante
1671 605 1823 646 medio-

498 675 529 713 ri
592 670 709 713 Euro.
778 670 872 726 Quia
905 678 1032 709 autem
1067 668 1159 709 haec
1191 668 1352 710 altitudo
1383 670 1558 709 maxima
1576 668 1680 709 illam
1701 700 1713 721 ,
1732 679 1824 721 quae

498 747 601 776 anno
640 743 777 785 1737-
811 732 998 774 obsemata
1032 733 1101 773 fuit
1137 743 1208 780 30.
1254 743 1307 783 95
1335 765 1346 784 ,
1379 744 1460 772 non
1500 732 1680 774 excedit:
1730 731 1824 773 haec

496 802 711 840 etiamnunc
745 806 876 838 manet
906 796 1087 837 omnium
1122 796 1185 837 hic
1218 796 1294 837 loci
1326 794 1603 836 obseruatarum
1638 796 1823 836 maxima.

498 863 667 905 Minima
710 861 918 901 barometri
955 859 1113 900 altitudo
1143 859 1210 900 fuit
1243 859 1320 900 hoc
1352 871 1455 899 anno
1492 865 1560 901 28.
1586 863 1641 908 58
1665 891 1677 910 ‚
1699 858 1825 900 obser-

501 937 591 967 vata
621 925 682 966 die
718 929 791 966 28.
826 923 1014 974 Ianuarii,
1064 932 1244 976 tempore
1276 924 1495 975 matutino,
1544 923 1701 962 cadente
1750 922 1823 963 irn-

505 990 657 1046 petuoia
706 989 790 1029 niue
812 1017 824 1037 ‚
873 998 912 1027 et
945 986 1061 1027 flante
1101 985 1301 1027 fiirtiffimo
1348 982 1716 1039 Austro-Zephyro
1739 1017 1751 1036 ‚
1786 986 1826 1026 in

503 1054 639 1108 frigore
670 1051 871 1093 leniffimo.
935 1051 1045 1106 Quae
1075 1050 1184 1103 igitur
1216 1051 1376 1091 minima
1411 1049 1569 1090 altitudo
1587 1049 1693 1091 huius
1707 1049 1826 1103 anni,

502 1130 592 1158 cum
623 1118 818 1157 inuentam
851 1114 890 1153 in
923 1114 1230 1166 praecedentibus
1267 1113 1403 1166 annis,
1454 1123 1597 1166 nempe
1631 1119 1702 1155 28.
1739 1119 1792 1155 18
1814 1145 1826 1166 ‚

505 1180 678 1234 stiperet:
716 1186 851 1219 manet
888 1176 1011 1217 adhuc
1050 1177 1155 1217 idem
1206 1176 1367 1230 spatium
1415 1175 1668 1216 variationum
1718 1175 1830 1217 baro-

509 1244 756 1286 metricamm
807 1250 915 1281 antea
967 1239 1198 1292 stabilitum,
1248 1239 1431 1281 nimirum
1474 1250 1514 1278 2.
1547 1246 1643 1292 773
1675 1237 1839 1293 fiintque·

507 1309 621 1348 etiam
655 1307 777 1346 adhuc
810 1304 1036 1344 variationes
1068 1304 1279 1345 menstruae
1311 1305 1347 1344 in
1381 1303 1515 1358 primis
1548 1313 1588 1343 et
1606 1303 1750 1345 vltimis
1767 1315 1833 1345 an-

509 1372 550 1413 ni
584 1371 767 1412 mensibus
799 1369 966 1408 maiores
986 1400 996 1420 ,
1032 1369 1196 1408 minores
1225 1377 1353 1408 autem
1387 1369 1426 1409 in
1460 1367 1608 1409 mediis.

627 1497 664 1547 §-
686 1509 727 1548 3.
762 1497 927 1538 Auroras
959 1493 1135 1535 Borealcs
1164 1494 1242 1536 hoc
1276 1507 1373 1535 anno
1406 1493 1597 1537 obstruaui
1615 1495 1833 1550 sequentes:

521 1601 656 1644 1743.
693 1591 827 1634 Martii
891 1604 933 1642 9.
970 1590 1056 1632 Lux
1091 1591 1250 1632 borealis
1280 1591 1450 1633 constans
1481 1589 1672 1644 infernae,
1705 1589 1763 1632 scd
1784 1590 1834 1633 su*

974 1666 1091 1709 perne
1127 1654 1256 1696 multis
1288 1655 1510 1697 variantibus
1540 1655 1665 1696 {aculis
1681 1654 1819 1697 ludens.

874 1762 942 1791 ιο.
977 1749 1065 1791 Lux
1098 1750 1258 1791 borealis
1289 1750 1442 1792 humilis
1473 1760 1514 1790 et
1545 1749 1681 1804 quieta.

709 1848 852 1902 Aprilis
917 1860 955 1887 1.
987 1845 1076 1888 Lux
1110 1845 1224 1886 borea
1243 1879 1254 1898 ,
1288 1845 1452 1899 pluribus
1484 1846 1598 1887 radiis
1632 1858 1681 1888 ex
1713 1848 1839 1890 orien-

992 1919 1030 1950 te
1064 1909 1340 1951 ascendentibus
1372 1909 1527 1952 illustris.

914 2020 957 2057 9.
993 2005 1081 2047 Lux
1115 2005 1271 2045 borealis
1301 2005 1453 2047 humilis
1473 2037 1484 2057 ‚
1536 2015 1576 2045 et
1618 2007 1744 2060 paucis
1784 2020 1840 2048 ra-

991 2070 1060 2110 diis
1091 2069 1275 2110 eminens.

1765 2145 1835 2184 17-
