2020 2668
349 140 748 191 PRODVCENDA
779 137 928 187 NOVA
966 133 1340 184 TENTAMINA.
1449 145 1473 185 :3
1485 148 1503 177 1
1512 143 1538 184 a

349 253 478 299 Schol.
514 255 607 298 Non
649 255 780 297 dubito
829 253 1116 295 instrumentum
1164 248 1348 292 musicum
1397 245 1547 289 diuerfis

233 321 428 374 campanis
458 329 498 360 et
527 319 673 360 malleis
704 319 775 359 rite
805 330 930 372 prope
980 323 1210 370 apparatum
1259 310 1547 354 eleitrificatum

236 384 415 424 ordinatis
433 416 443 435 ,
476 382 541 422 vel
573 394 659 422 cum
690 389 875 435 apparatu
906 379 1087 421 connexis
1106 410 1117 432 ,
1149 375 1262 419 condi
1293 373 1395 432 poss‘e
1413 371 1545 430 ‚quod

236 446 278 487 vi
308 445 556 488 elec‘tricitatis
586 445 746 486 animari
782 442 908 498 possit.

625 552 916 633 Experim.
959 549 1119 610 XVI.

344 666 518 716 'Remota
564 684 747 726 campana
777 670 816 711 T
848 679 886 711 et
915 667 1157 710 elestricitate
1196 666 1246 708 ad
1277 677 1334 720 gr.
1372 674 1445 715 25.
1477 673 1561 705 ex-·

235 736 346 777 citata
365 769 377 789 ,
426 749 504 777 non
551 735 733 776 excitatur
772 734 910 775 sonitus
939 732 1084 773 malleo
1113 731 1138 772 b
1167 742 1189 771 e
1220 738 1259 770 et
1287 740 1475 783 campana
1503 724 1543 766 V

236 799 322 853 quia
351 800 470 840 ambo
519 798 612 839 hacc
662 809 821 851 corpora
853 795 1097 837 elerstricitate
1128 792 1273 847 aequali
1320 790 1400 832 sunt
1428 791 1546 831 dona-

236 870 290 902 ta.
353 862 516 905 Malleus
545 870 673 902 tamen
714 872 792 901 non
805 866 815 872 ²
843 857 1102 908 elestrificatus
1121 856 1161 913 f
1171 869 1207 910 g
1234 854 1393 912 percutit
1440 864 1544 895 cam·

234 936 375 978 punam
407 925 443 966 V
473 934 512 965 et
542 922 646 965 elicit
675 924 804 976 ignem
844 928 1152 974 concrepantem.

634 1030 928 1110 Experim.
971 1025 1156 1087 XVII.

351 1147 392 1191 Si
420 1162 604 1202 campana
636 1149 675 1188 T
709 1149 850 1189 iterum
883 1145 1102 1186 admouetur
1141 1142 1394 1195 elearitasque
1442 1139 1546 1182 exci-

238 1220 337 1252 tatur
355 1245 365 1265 ‚
401 1224 588 1265 campana
621 1211 658 1251 T
692 1212 849 1264 quidem
883 1221 962 1250 vna
993 1217 1104 1263 atque
1135 1206 1250 1247 altera
1281 1204 1366 1248 vice
1414 1215 1548 1258 percu·

237 1277 326 1315 titur
342 1288 362 1315 a
380 1275 522 1316 malleo
538 1276 562 1315 b
578 1287 617 1326 e,
636 1274 689 1314 ast
705 1286 783 1314 non
805 1273 1065 1314 continuantur
1081 1269 1348 1324 percussiones,
1373 1266 1460 1307 licet
1486 1266 1547 1307 in·

236 1339 313 1378 dex
346 1337 731 1378 ostend-assummum
756 1336 1001 1377 electricitatis
1024 1334 1195 1387 gradum.
1240 1330 1482 1373 Distribuitur
1505 1341 1544 1370 e-

237 1400 435 1441 leetricitas
451 1412 519 1453 per
536 1412 763 1452 campanam
784 1399 823 1438 T
840 1399 960 1452 ipsam
980 1398 1106 1437 vitreo
1121 1393 1365 1436 sustentaculo
1397 1393 1547 1433 incum-

236 1464 412 1515 bentem,
439 1464 525 1503 hinc
543 1475 725 1516 campana
755 1462 829 1516 ipsa
848 1463 891 1502 fit
925 1459 1118 1510 electrica‚
1145 1458 1233 1499 hinc
1252 1456 1547 1511 phaenomenon

233 1527 479 1567 elestricitatis
496 1526 635 1566 cessare
653 1525 780 1566 debet.
817 1525 956 1566 Statim
975 1534 1089 1575 vero,
1106 1534 1194 1563 cum
1212 1521 1435 1561 admonetur
1451 1518 1548 1570 digi-

238 1599 294 1629 tus
319 1589 552 1631 iiistentaculo
571 1589 689 1629 ferreo
708 1601 913 1642 campanae
931 1587 986 1639 T,
1004 1598 1093 1626 cum
1113 1585 1214 1625 vitro
1230 1581 1453 1633 εοηίιιηᾶο,
1487 1579 1542 1620 so-

237 1652 334 1692 nitus
374 1665 460 1692 cum
497 1653 784 1705 concrepatione
803 1652 938 1692 etluce
963 1650 1142 1694 exoritur.
1214 1644 1440 1687 Notandum
1481 1643 1544 1684 hic

357 1712 397 1768 1)
431 1716 610 1755 Admeto
644 1716 762 1768 digito
795 1716 839 1755 ad
875 1712 1149 1754 sustentaculum
1185 1709 1343 1749 ferreum
1393 1718 1545 1761 campa-

239 1789 306 1817 nae
338 1776 457 1816 sentiri
492 1779 609 1817 icium
631 1811 640 1829 ‚
674 1778 834 1818 indicem
867 1775 1111 1817 elcftricitatis
1144 1784 1210 1826 per
1243 1782 1470 1824 campanam
1487 1770 1544 1810 di-

236 1840 402 1880 stributae
435 1850 471 1878 ct
506 1853 573 1893 per
623 1852 776 1879 manum
827 1839 994 1880 hominis
1025 1837 1208 1877 derinatae
1228 1837 1266 1875 in
1285 1833 1430 1876 infinite
1449 1831 1545 1873 mul-

236 1911 272 1942 ta
303 1915 475 1955 corpora.

352 1965 394 2020 2)
430 1965 514 2005 Hoc
548 1965 628 2019 ipso
646 1977 869 2017 campanam
890 1965 1043 2018 perdere
1076 1961 1357 2003 elce'tricitatem
1377 1957 1476 2000 suam
1506 1967 1544 1998 et

236 2026 315 2066 fieri
349 2040 480 2079 corpus
515 2041 591 2068 non
626 2027 1034 2079 electrificatum‚hinc
1065 2026 1241 2067 malleum
1260 2022 1543 2065 elestrificatnm

235 2090 366 2129 attrahi
399 2091 543 2129 debere.

297 2152 404 2194 Tom.
439 2150 572 2193 XIV.
874 2155 909 2195 R
946 2167 963 2193 r
1461 2144 1542 2189 Ex·
