2020 2668
518 101 599 151 'ET
626 103 694 150 IV
691 100 958 150 STINIANI
985 99 1154 149 AVGG.
1410 117 1493 159 34¹

197 227 235 260 et
267 216 470 259 multorum
501 218 720 260 coniecturis
756 227 970 270 tentatum,
1023 218 1151 272 quibus
1199 215 1356 260 certiora
1404 218 1490 260 dare

198 294 277 322 non
310 282 468 335 possiim.

312 346 439 400 Quum
472 343 564 384 haec
598 343 807 398 scripfisstm
826 377 836 395 ,
869 344 1092 397 perueniunt
1125 345 1170 385 ad
1189 356 1254 385 me
1273 346 1401 399 ampla
1426 359 1494 386 vo-

199 408 339 447 lumina
361 440 372 459 ‚
405 407 530 459 quibus
572 406 725 448 PAVL.
780 406 1077 449 PEDRVSIVS
1126 407 1238 447 musei
1289 409 1495 449 Farnefiuni

199 470 343 510 diuitias
374 468 553 521 exposuit.
618 468 726 510 Dum
761 470 888 510 ceteris
919 469 1096 523 tantisper
1134 471 1292 523 seposstis
1343 482 1494 512 tomum

197 532 396 572 secundum
417 563 427 582 ,
460 541 641 584 argenteis
672 543 789 585 vsque
820 533 867 573 ad
883 533 1086 573 Traianum
1107 563 1118 583 ,
1149 532 1224 572 hoc
1242 533 1293 572 est
1311 535 1355 575 ad
1376 535 1494 575 finem

197 595 277 634 aeui
309 593 508 646 imberbis,
539 594 645 634 auide
676 594 854 647 perlustro
874 627 884 647 ‚
916 595 1069 636 inueniO
1097 595 1176 636 tab.
1210 596 1276 636 IV
1277 624 1287 635 .
1304 598 1395 637 duos
1415 598 1493 637 Au-

197 658 318 709 gustos
349 656 544 708 barbatos,
575 657 635 710 qui
668 658 709 696 in
743 669 786 697 ea
819 658 970 698 tertium
1006 668 1045 698 et
1076 669 1247 711 quartum
1281 659 1408 699 locum
1427 673 1494 701 oc-

194 729 342 772 cupant.
410 719 511 760 Mihi
544 722 669 771 vtique
693 720 875 759 omnium
911 721 1022 772 primi
1055 720 1094 760 hi
1127 721 1298 761 videntur
1318 752 1329 772 ,
1363 724 1424 776 qui
1451 725 1492 764 in

194 781 347 823 Ostauii
377 781 530 835 Augusti
562 781 755 821 honorem
788 794 969 835 vmquum
1002 782 1102 824 fuere
1133 783 1235 824 cufi:
1265 794 1329 824 aut
1359 785 1385 824 fi
1411 798 1491 826 non

190 845 306 897 primi
338 844 417 884 sunt
434 876 445 895 ‚
477 844 739 896 repraesentare
789 844 908 897 ipsum
942 846 988 886 ad
1029 857 1182 898 magnas
1212 859 1266 886 res
1312 849 1493 899 gerendas

189 915 276 946 tunc
306 907 474 958 primum
506 907 761 947 accedentem.
831 905 956 959 Caput
988 908 1129 948 nudum
1164 908 1245 959 est,
1275 911 1333 948 cui
1367 910 1407 948 in
1435 910 1491 950 al-

166 961 268 1008 'tero
300 968 424 1019 nihil,
456 969 497 1007 in
529 969 645 1007 altero
676 978 801 1008 autem
836 966 883 1007 C.
918 966 1068 1009 CAES.
1103 967 1215 1010 IMP.
1246 969 1486 1024 adscriptum.

186 1029 233 1071 In
265 1030 372 1071 huius
419 1028 562 1070 aduersa
593 1030 641 1070 cst
675 1043 773 1083 equo
808 1030 913 1070 stanti
946 1031 1102 1072 insidens
1150 1032 1304 1085 persona
1324 1065 1334 1083 ,
1385 1035 1486 1075 cuius

185 1094 404 1133 vestimenta
436 1105 514 1132 non
547 1093 625 1132 sunt
657 1092 849 1132 clariffime
882 1094 1052 1146 expreffa
1074 1127 1084 1145 ‚
1116 1105 1203 1134 cum
1224 1094 1349 1135 litteris
1372 1095 1411 1136 S.
1433 1095 1482 1136 C.

185 1155 234 1196 In
268 1155 412 1196 alterius
443 1156 581 1209 postica
617 1156 749 1206 pagina
779 1154 832 1194 est
862 1155 1017 1207 perform
1051 1167 1147 1209 equo
1165 1156 1323 1197 infidens
1339 1159 1385 1199 ad
1405 1171 1485 1199 cur-

182 1219 259 1258 sum
289 1217 455 1257 incitato.
520 1215 768 1268 Subscriptum
801 1217 852 1256 est
886 1217 1066 1259 POPVL.
1097 1217 1262 1259 IVSSV.
1329 1219 1482 1273 Signifi-

183 1280 258 1321 cari
288 1289 411 1320 autem
446 1279 542 1320 hisce
574 1280 674 1330 typis
705 1280 829 1319 statuas
862 1280 926 1331 ipfi
962 1282 1095 1333 positas
1126 1294 1176 1321 ex
1207 1282 1307 1322 Vell.
1358 1284 1479 1323 Pater-

185 1343 268 1382 culo
301 1344 398 1383 bene
428 1343 537 1382 docet
569 1341 701 1380 doetus
733 1353 1024 1382 commentator.
1088 1343 1188 1383 Eam
1222 1355 1350 1385 autem
1400 1359 1480 1386 rem

182 1407 373 1446 decretam
406 1404 504 1445 fuisse
536 1415 616 1443 non
650 1403 733 1456 post
763 1404 918 1455 longum
953 1417 974 1444 a
1006 1404 1101 1445 Iulio
1140 1408 1341 1447 interemto
1379 1417 1481 1448 tem-

182 1480 280 1522 pus,
329 1467 521 1509 clarissime
553 1466 684 1507 edocet
720 1464 1046 1508 SVETONIVS.
1111 1469 1223 1509 Vnde
1256 1469 1346 1509 Οᾶ.
1383 1470 1481 1512 Cae-

181 1531 299 1572 fiircm
318 1562 330 1581 ,
363 1542 473 1583 quem
507 1528 714 1581 Augustum
758 1529 882 1581 postea
931 1541 1189 1584 vocauerunt,
1240 1542 1383 1586 patrem
1416 1534 1479 1575 ad-

180 1594 250 1634 huc
283 1593 438 1632 inultum
472 1592 595 1632 luxisti:
627 1589 816 1630 clariffime
849 1592 1079 1645 intelligitur.

297 1656 499 1707 Progressus
530 1655 621 1694 hinc
652 1656 697 1694 ad
731 1663 881 1694 tomum
915 1656 1084 1708 quintum
1106 1686 1117 1705 ‚
1152 1657 1273 1697 tabula
1314 1658 1387 1697 eius
1418 1658 1470 1697 V.

182 1719 287 1759 binos
319 1718 482 1757 maximi
516 1717 656 1757 moduli
691 1728 825 1756 numos
856 1717 1125 1758 Domitianum
1159 1719 1380 1760 exhibentes
1419 1722 1476 1760 in-

181 1784 270 1822 veni
303 1779 496 1832 conspicue
527 1780 722 1830 barbatos,
759 1791 916 1831 quorum
949 1780 1038 1820 alter
1069 1780 1255 1821 consulatu
1294 1782 1386 1822 VII.
1422 1783 1475 1823 al-

179 1859 234 1888 ter
267 1843 358 1884 XV.
393 1843 548 1895 signatus
581 1843 646 1882 est.
711 1842 825 1897 Quod
858 1843 903 1882 ad
938 1843 1103 1894 priorem
1139 1846 1326 1896 pertinet,
1366 1846 1475 1885 vide-

182 1922 240 1950 tur
272 1907 299 1945 is
333 1907 427 1945 inter
461 1904 560 1943 initia
593 1905 638 1944 ad
673 1903 704 1943 se
737 1903 845 1945 delati
878 1905 1059 1956 imperii,
1094 1907 1171 1958 post
1189 1908 1334 1946 obitum
1355 1907 1472 1948 TITI

179 1971 317 2019 fratris,
353 1967 555 2020 perculsus:
590 1968 752 2019 adeoque
782 1965 948 2018 {uuallori
981 1976 1016 2007 et
1048 1969 1158 2010 luctui
1180 1999 1190 2019 ,
1225 1970 1263 2008 in
1294 1983 1367 2022 quo
1386 1980 1471 2009 tunc

180 2037 273 2085 suit,
313 2030 537 2070 attribuenda
579 2029 688 2069 barba
730 2029 847 2068 fuerit.
913 2029 1155 2072 Posteriorem
1197 2044 1290 2072 vero
1330 2046 1469 2072 annum

737 2091 774 2132 V
807 2104 834 2132 v
869 2101 891 2138 3
1379 2096 1473 2133 intes
