2020 2668
277 117 341 165 IN
371 114 798 166 ERINACEORVM
831 116 991 162 TERR.
1025 111 1387 163 ANATOMEN.
1426 112 1515 158 201'

216 233 352 274 latioris
385 232 656 286 integumenti,
690 246 731 282 3.
767 230 831 271 lin.
865 228 1059 271 crassitiem
1093 231 1279 284 aequantia
1309 230 1516 272 similitudi-

215 309 304 336 nem
337 297 538 336 accedens:
571 296 631 335 cui
663 296 821 334 exterius
851 304 1015 334 annexae
1044 303 1149 333 erant
1191 293 1412 347 multiplices
1448 308 1513 348 pa-

213 358 321 411 pillae
341 391 352 409 ,
384 360 551 411 vtrinque
583 366 776 410 quaternae
808 357 1039 398 acuminatae
1073 353 1117 410 (a
1135 355 1299 396 Stenone
1331 367 1370 404 5.
1388 355 1512 412 paria)

213 421 259 461 ad
291 421 410 474 plures
441 420 555 460 foetus
587 420 692 460 simul
724 419 903 460 alendos:
937 417 1005 458 hac
1039 419 1182 460 ratione
1200 450 1211 470 ‚
1246 419 1358 459 vbera
1394 422 1512 460 erina-

211 495 362 523 ccorum
383 515 393 535 ,
426 483 552 523 vnicae-
583 492 622 522 et
654 482 826 536 simplicis
856 483 1057 533 duntaxat,
1092 482 1150 522 sed
1169 480 1412 535 amplissimae
1431 496 1513 524 ma·

210 546 332 586 millae
364 546 521 599 speciem
556 544 688 585 referre
721 545 830 585 nobis
860 543 934 585 visti
969 542 1061 585 sunt.
1511 561 1513 564 ·

324 608 375 647 Vt
407 609 452 649 ad
482 608 652 648 veficulas
687 620 782 648 nunc
815 616 1073 658 reuertamur,
1107 606 1252 649 tametsi
1292 607 1511 651 membrana

208 671 385 710 duntaxat
436 671 639 711 tenuiffima
679 670 747 711 sint
788 670 975 723 praeditae
995 701 1006 720 ,
1054 670 1131 711 illas
1172 680 1294 710 tamen
1344 672 1510 726 speetare

207 743 312 772 tauto
344 744 420 774 erat
453 732 590 773 facilius
609 766 618 784 ,
659 743 796 786 quanto
838 734 959 773 maior
995 733 1158 773 luciditas
1197 745 1218 771 a
1250 733 1354 774 lae'tis
1384 736 1510 777 inclusi

205 797 315 849 copia
347 796 403 835 his
435 796 658 835 accedebat:
698 795 745 835 fic
787 796 926 848 aliquot
963 795 1080 834 millia
1115 797 1153 834 in
1184 797 1324 836 extima
1354 797 1507 851 superfi-

204 858 260 897 cie
290 870 357 910 pcr
388 856 420 896 sc
448 869 489 896 ac
510 858 710 896 inermibus
741 857 855 896 oculis
896 865 1001 896 erant
1037 856 1233 909 conspicua
1251 889 1262 908 ,
1304 867 1347 898 vt
1378 871 1506 901 earum

204 921 396 971 peculiaris
428 917 542 971 figura
565 951 575 969 ,
627 918 728 958 series
784 927 823 958 et
867 919 973 958 color
1006 918 1128 959 niueus
1177 931 1365 973 nunquam
1417 934 1508 963 exa-

203 981 293 1021 c‘tius
325 991 362 1021 et
395 981 589 1032 elegantius
620 981 744 1020 referri
784 982 887 1033 posse
921 981 1122 1021 videretur.
1195 980 1405 1037 Similiter,
1448 998 1507 1025 re-

199 1044 339 1098 liquam
373 1041 604 1086 substanti-ain
644 1044 861 1085 interiorem
899 1043 1100 1097 spectando
1118 1077 1129 1097 ,
1172 1044 1265 1086 nihil
1304 1047 1387 1088 sane
1429 1048 1507 1102 ipsa

199 1118 221 1147 a
255 1108 380 1160 priore
410 1104 663 1160 discrepabat:
707 1105 779 1146 hae
821 1119 951 1148 omnes
983 1107 1185 1149 vniuerfim
1228 1109 1326 1150 inter
1375 1111 1410 1150 st
1442 1123 1506 1152 ae-

198 1170 295 1222 quali
327 1178 432 1209 erant
464 1168 579 1221 figura
598 1200 610 1220 ‚
642 1176 681 1208 et
714 1170 971 1222 magnitudine
991 1202 1002 1221 ,
1039 1171 1202 1211 minime
1241 1171 1470 1226 discrepante
1490 1205 1502 1225 ‚

198 1232 357 1273 inuicem
392 1231 545 1272 strictius
578 1233 700 1272 vnitae
719 1263 730 1283 ,
767 1244 810 1272 ac
852 1245 920 1286 per
958 1232 1186 1286 multiplices
1226 1235 1518 1277 membranosas.

199 1296 420 1348 propagines
450 1294 618 1347 plurimis
655 1294 803 1335 vasculis
839 1295 1027 1335 instruetas
1067 1295 1173 1336 fimul
1216 1297 1387 1339 firmatae
1406 1331 1417 1351 ,
1449 1311 1514 1341 ex,

199 1358 325 1410 quibus
368 1358 468 1397 varia
516 1357 719 1411 intersepta
768 1365 806 1397 et
844 1358 933 1397 retia
975 1356 1355 1401 fibroso-vascularia
1392 1374 1503 1402 com-

199 1421 464 1474 ponebantur;
513 1420 620 1461 fimul
654 1432 748 1460 vero
789 1429 940 1460 cautum
973 1420 1054 1471 est,
1095 1432 1141 1460 ne
1182 1422 1278 1475 ipsae
1308 1436 1377 1476 per
1408 1424 1502 1465 haec

195 1485 317 1535 retia,
362 1482 425 1523 vel
464 1495 532 1535 per
570 1494 796 1536 quascunque
836 1482 921 1523 alias
961 1495 1044 1533 res,
1095 1493 1140 1524 vt
1185 1486 1281 1538 apud
1323 1487 1512 1529 nonnulla

196 1547 396 1586 animantia
452 1546 662 1599 contingit,
714 1546 1014 1586 obducerentur:
1073 1548 1172 1587 vnde
1221 1547 1317 1590 haud
1375 1551 1501 1590 minus

196 1608 514 1661 animaduersione
545 1609 699 1661 dignum
735 1609 818 1660 est,
858 1609 958 1662 quod
1007 1609 1103 1649 circa
1144 1610 1258 1651 vbera
1306 1613 1517 1654 erinaceo->

196 1683 280 1710 rum
331 1670 424 1709 nihil
474 1670 549 1710 fere
599 1671 862 1723 pinguedinis,
905 1671 1003 1724 quod
1045 1671 1260 1724 prohiberet
1281 1704 1292 1725 ,
1331 1676 1497 1728 positum

195 1732 307 1773 estet:
339 1734 520 1788 Quicquid
570 1734 672 1773 enim
723 1733 783 1773 hic
833 1734 1062 1786 pinguedinis
1102 1736 1260 1776 exterius
1291 1738 1494 1779 collectum

194 1805 272 1835 erat
291 1827 301 1846 ,
335 1797 403 1835 vix
436 1796 561 1848 paucis
593 1795 785 1836 moleculis
816 1795 963 1836 sublutei
997 1796 1132 1837 coloris
1161 1799 1376 1840 constabat:
1413 1812 1494 1842 tan-

193 1867 273 1897 tum
307 1858 404 1897 abest
423 1889 433 1907 ,
468 1867 510 1897 vt
542 1857 600 1898 sua
632 1860 876 1898 continuitate
909 1867 947 1898 et
979 1860 1117 1912 aequali
1155 1863 1380 1915 expansione
1401 1895 1411 1915 ,
1446 1865 1494 1905 ad

190 1919 348 1973 speciem
382 1920 521 1973 adiposi
553 1921 730 1961 inuolucri
763 1922 879 1961 vabert
918 1922 1134 1963 obducentis
1183 1933 1221 1964 et
1254 1935 1384 1966 contra
1431 1928 1494 1968 fri-

191 1995 258 2035 gus
287 1982 540 2051 defendentis,
573 1994 618 2024 vt
648 1985 746 2037 apud
777 1984 846 2024 alia
895 1986 1096 2025 animantia
1128 1987 1337 2040 accederet,
1370 1990 1496 2042 potius

195 2056 432 2086 memoratae
466 2046 671 2088 molcculae
705 2049 827 2102 paucis
859 2047 1036 2089 duntaxat
1075 2047 1164 2092 locis
1195 2060 1298 2092 erant
1328 2053 1407 2107 pos
1412 2062 1491 2102 tae,

251 2117 358 2159 Tom.
389 2116 519 2162 XIV.
824 2118 858 2161 C
891 2133 912 2162 c
1393 2124 1484 2165 dum
