2020 2668
157 103 395 151 OBSERV.
439 100 771 148 METEOROL.
813 102 1024 148 INSTIT.
1077 101 1305 146 PETROP.
1377 115 1456 153 241

275 217 310 266 ξ.
337 230 376 257 2.
410 217 584 272 Apparet
616 228 666 257 ex
699 216 757 256 his
787 216 1039 257 altitudinibus
1070 216 1270 256 barometri
1291 248 1301 267 ,
1334 227 1461 255 earum

160 282 375 324 maximam
409 281 482 322 hoc
532 293 632 321 anno
661 279 758 320 fiiiffe
795 290 862 326 30.
900 293 951 329 45
976 311 986 330 ,
1038 292 1129 333 quae
1162 279 1348 320 obseruata
1399 278 1465 318 fiJit

162 345 226 386 die
265 357 321 393 14
351 342 606 395 Decembris,
651 343 749 383 circa
784 344 982 383 meridiem
1004 375 1014 395 ‚
1068 344 1106 382 in
1141 340 1329 382 serenitate
1369 340 1465 380 coeli

164 406 382 459 imperfecta
401 439 413 459 ,
444 405 584 446 nebulis
615 417 727 446 mane
760 415 798 444 et
834 407 974 459 vesperi
1006 407 1132 446 a'e'rcm
1167 404 1464 456 inuoluentibus;

166 482 257 510 cum
290 467 519 522 subsequente
551 469 634 509 niue
667 468 817 508 modica
836 501 847 519 ,
879 468 1034 522 spirante
1068 468 1170 508 nullo
1204 479 1323 508 xento
1362 465 1466 506 senfi-

170 533 265 583 bili,
296 532 355 572 sed
389 531 524 585 frigore
554 541 727 585 regnante
764 531 928 582 acerbo,
971 532 1017 572 ad
1053 541 1104 578 13
1142 531 1271 584 gradus
1321 530 1412 569 infra
1443 539 1471 568 o

171 594 438 636 thermometri
470 594 766 634 sahsenheitiani.
849 595 947 650 Quia
999 605 1127 634 autem
1178 593 1271 633 haec
1318 591 1472 632 altitudo

172 659 345 699 maxima
377 657 478 697 illam
501 688 512 707 ‚
543 669 633 710 quae
664 669 765 696 anno
805 666 912 707 1737
947 657 1135 697 obseruata
1181 656 1250 696 fuit
1301 667 1374 705 30.
1411 663 1466 704 95

172 732 250 762 non
283 720 450 770 excedit,
482 719 573 759 haec
606 719 817 760 etiamnunc
851 730 978 760 manet
1010 721 1182 760 ornnium
1216 718 1275 758 hic
1308 719 1382 760 loci
1402 719 1473 758 ob·

166 782 386 823 seruatamm
420 783 605 822 maxima.
675 781 842 822 Minima
876 783 1078 822 burometri
1112 782 1266 822 altitudo
1298 780 1364 820 fi1it
1397 779 1473 821 hoc

171 857 270 886 auno
304 852 375 886 28.
410 855 463 894 33
488 876 499 895 ,
549 843 733 884 obseruata
772 845 831 884 die
868 857 928 893 24
962 844 1166 893 Octobris,
1214 844 1371 882 cadente
1402 855 1474 882 co-

171 909 273 961 piosa
307 908 422 958 niue,
453 905 585 959 frigore
616 906 721 957 leni,
753 915 793 945 et
826 906 942 946 flante
975 906 1175 945 fortiffimo
1215 900 1471 946 Austro-‘Ze-

170 969 307 1023 phyro.
374 968 480 1023 Quae
514 969 623 1021 igitur
653 969 811 1008 minima
844 969 999 1008 altitudo
1031 969 1137 1009 huius
1154 969 1239 1007 anni
1259 1000 1270 1018 ,
1300 980 1389 1007 cum
1418 967 1476 1007 in·

170 1042 325 1072 ventam
359 1031 399 1071 in
433 1030 732 1084 praecedentibus
762 1032 865 1072 annis
883 1062 893 1079 ,
926 1045 1065 1085 nempe
1103 1037 1172 1072 28.
1201 1038 1249 1073 18
1271 1063 1281 1083 ‚
1301 1029 1474 1083 superet:

170 1103 302 1135 manet
331 1093 450 1134 adhuc
486 1093 588 1133 idem
629 1093 789 1146 spatium
831 1095 1085 1135 variationum
1137 1095 1475 1134 barometricarum

171 1167 278 1197 antea
311 1156 508 1197 stabilitum
532 1187 542 1204 ‚
577 1157 754 1196 nimirum
792 1170 829 1195 2.
864 1166 957 1210 773
1009 1157 1160 1209 suntque
1193 1157 1311 1196 etiam
1357 1154 1478 1196 adhuc

174 1220 392 1259 variationes
424 1219 635 1258 menstruae
677 1220 714 1258 in
746 1220 878 1272 primis
917 1229 953 1259 et
986 1220 1127 1260 vltimis
1158 1220 1243 1259 anni
1295 1217 1481 1258 mensibus

177 1283 343 1322 maiores
362 1313 372 1329 ‚
405 1282 571 1321 minores
604 1292 730 1321 autem
763 1283 802 1321 in
834 1283 995 1335 mediis,
1030 1284 1193 1336 exceptis
1226 1280 1306 1322 solis
1340 1280 1477 1322 menfi-

174 1347 240 1385 bus
271 1345 422 1384 duobus.

298 1409 329 1456 §.
355 1421 394 1456 3.
430 1408 591 1447 Ausonis
623 1407 784 1447 boreales
817 1408 890 1447 hoc
925 1421 1026 1449 anno
1058 1407 1243 1449 ol‘leruaui
1282 1407 1483 1461 sequentes.

187 1480 315 1521 1742.
351 1471 540 1511 Februarii
580 1477 649 1511 18.
686 1469 772 1510 Lux
805 1472 915 1511 borea
935 1504 944 1522 ‚
988 1473 1116 1512 multis
1146 1472 1260 1525 virgis
1293 1480 1331 1510 et
1365 1470 1488 1524 longis

699 1534 925 1587 conspicua,
960 1534 1070 1574 flaute
1105 1535 1285 1575 mediocri
1319 1533 1441 1574 Euro.

360 1596 491 1637 Martii
619 1608 656 1634 1.
692 1596 777 1636 Lux
810 1598 919 1636 borea
952 1598 1142 1651 tranquilla
1163 1630 1173 1648 ‚
1220 1598 1257 1637 in
1294 1596 1488 1636 serenitate

708 1660 901 1711 persedra3
935 1660 1043 1699 flante
1077 1662 1176 1700 tenui
1210 1660 1327 1700 Euro.

612 1735 650 1761 2.
684 1721 770 1762 Lux
803 1723 915 1762 borea
955 1724 1147 1776 tranquilla
1168 1755 1178 1773 ‚
1220 1723 1257 1761 in
1296 1721 1487 1763 serenitate

708 1785 840 1825 iterum
870 1785 1052 1839 perse-&m
1090 1786 1192 1826 nullo
1220 1785 1334 1825 flante
1354 1795 1486 1826 vento.

585 1860 653 1897 14.
690 1848 777 1888 Lux
817 1848 931 1887 borea
975 1850 1012 1887 in
1053 1862 1137 1889 arcu
1177 1848 1413 1903 quiescente,
1452 1857 1491 1888 et

710 1911 819 1950 coelo
851 1911 994 1951 sereno.

588 1984 656 2023 15.
691 1973 776 2014 Lux
817 1974 928 2014 borea
969 1987 1106 2028 magna
1127 2005 1138 2024 ‚
1189 1984 1226 2015 et
1268 1975 1461 2029 irrequieta
1481 2007 1493 2027 ,

713 2037 823 2077 coelo
856 2038 1021 2089 perfecte
1054 2038 1190 2080 sereno.

253 2098 350 2140 Tam.
386 2098 515 2142 XIV.
827 2102 864 2141 H
899 2102 927 2141 h
1360 2100 1491 2142 Martii
