2020 2668
495 108 586 155 2¹²
650 97 734 142 DE
766 86 1211 143 ammiel-Tam
1252 90 1315 138 ΙΝ
1347 89 1707 140 CORPORIBVS

921 206 1219 286 Experim.
1257 204 1419 266 XIV.

620 302 766 345 Omnia
797 313 960 355 corpora
995 301 1215 343 humectata
1235 334 1247 354 ,
1279 301 1434 342 admota
1468 310 1584 341 manu
1615 297 1684 340 filo
1713 298 1838 342 ferreo

505 366 751 409 electrificato
769 399 782 425 ,
813 365 1100 407 electricitatem
1135 365 1259 406 statim
1293 377 1454 405 omnem
1489 363 1653 415 tollunt,
1704 373 1748 404 vt
1778 364 1835 405 in·

501 432 579 473 dex
612 430 784 472 ostendat
815 442 871 483 gt.
904 441 948 470 0.
983 439 1023 470 et
1054 428 1125 470 sese
1157 429 1322 483 adplicet
1355 427 1501 482 regulae
1550 426 1691 468 ferreae
1742 439 1838 482 pen-

505 494 618 536 dulae
649 506 686 535 e.
717 505 757 548 g.
791 494 908 534 etiarn
939 492 1114 547 sulphur,
1132 493 1280 534 vitrum
1300 524 1311 544 ,
1340 491 1577 546 porcellum,
1605 489 1739 543 resina,
1759 492 1834 532 lac-

503 558 541 600 la
575 557 787 612 figillatoria
805 588 818 609 ,
849 568 936 597 cera
954 589 966 608 ,
997 556 1103 598 fimes
1152 568 1202 596 ex
1235 555 1353 596 serico
1370 586 1382 606 ,
1433 567 1528 608 quae
1576 555 1711 596 omnia
1759 552 1840 597 fimt

507 621 733 665 deriuatiuae
765 619 1015 662 electricitatis
1047 619 1239 673 incapacia
1257 650 1270 671 ,
1304 617 1331 659 fi
1355 616 1438 658 sunt
1470 617 1580 659 ficca.

949 688 1251 769 Experim.
1271 686 1410 748 XV.

623 774 671 819 Si
706 775 863 818 malleus
895 775 1030 818 ἦτα-ους
1062 776 1116 818 est
1148 776 1333 830 pendulus
1373 776 1411 816 in
1443 774 1615 816 distantia
1656 771 1845 829 semidigi-

515 842 545 882 ti
576 853 599 882 a
631 852 817 894 campana
850 840 889 881 T
921 850 960 882 et
990 840 1211 882 elec‘tricitas
1230 841 1445 892 excitatur,
1493 849 1538 879 vt
1572 839 1688 878 index
1722 838 1846 878 osten·

515 906 579 946 dat
613 917 670 958 gr.
695 916 714 943 1
727 915 766 944 2.
783 916 1053 958 campanarum
1074 902 1258 958 percussio
1276 915 1297 943 a
1317 903 1460 944 malleo
1478 902 1609 955 incipit
1627 911 1666 942 et
1682 901 1848 942 crescen-

517 977 558 1008 te
587 967 832 1008 eletstncitate
851 999 863 1018 ,
895 967 1141 1021 percussiones
1171 966 1323 1006 celerius
1363 965 1397 1006 sc
1426 967 1650 1018 excipiunt,
1687 963 1850 1005 ccss‘ante

515 1042 612 1072 vero
645 1030 820 1084 sphaerae
856 1040 966 1071 motu
985 1040 1023 1070 et
1041 1029 1284 1070 electricitnte
1311 1027 1544 1069 decrcstcnte
1564 1061 1574 1079 ,
1600 1027 1849 1082 perculsiones

522 1094 656 1135 lentius
688 1093 722 1133 ie
756 1093 953 1146 excipiunt
985 1103 1024 1133 et
1057 1093 1211 1133 tandem
1245 1093 1366 1132 indice
1397 1093 1595 1133 recedente
1625 1092 1672 1132 ad
1692 1105 1746 1145 gr.
1775 1106 1847 1133 η.

520 1168 792 1209 campanarum
826 1154 1068 1209 percuffiones
1098 1155 1205 1209 plane
1238 1154 1387 1195 ceffant.
1458 1155 1500 1196 Si
1535 1156 1651 1195 index
1690 1155 1851 1196 ostendit

519 1233 576 1275 gr.
615 1230 668 1268 25
694 1243 710 1250 -
731 1230 804 1258 20.
837 1217 1085 1273 percussiones
1119 1217 1198 1258 liint
1229 1217 1430 1269 efficaces,
1466 1218 1561 1271 ignis
1600 1217 1705 1258 enim
1754 1231 1850 1259 con-

519 1295 681 1338 crepans
714 1282 858 1322 elicitur
891 1280 970 1338 (1)
1005 1292 1086 1323 tam
1120 1282 1161 1322 in
1207 1281 1351 1336 puncto
1384 1294 1405 1322 e
1440 1282 1502 1322 vbi
1537 1293 1722 1335 campum
1764 1295 1850 1336 per-

523 1349 662 1389 cutitur
697 1359 718 1387 a
754 1346 928 1396 malleo,
981 1358 1096 1399 quam
1151 1344 1202 1400 2)
1237 1346 1275 1385 in
1310 1345 1458 1399 puncto
1490 1345 1512 1385 b
1533 1377 1544 1395 ,
1595 1345 1659 1385 vbi
1695 1347 1852 1386 malleus

523 1424 615 1453 cum
650 1409 722 1451 filo
753 1409 875 1450 ferreo
909 1410 1098 1450 mediante
1142 1408 1210 1450 fllo
1244 1410 1347 1450 linco
1380 1408 1601 1449 coniunc‘tus
1641 1408 1724 1461 cst,
1751 1422 1787 1449 ct
1826 1409 1852 1451 si

525 1474 646 1517 multa
678 1473 741 1515 fila
782 1472 897 1514 ierroe
930 1473 1031 1514 dista
1063 1473 1205 1514 ratione
1240 1472 1310 1513 filo
1341 1472 1442 1512 linco
1492 1472 1693 1513 coniuncta
1744 1471 1821 1514 sunt
1843 1505 1857 1525 ,

526 1540 671 1580 multae
706 1536 825 1577 stellae
857 1536 995 1577 lucidae
1030 1536 1222 1577 coemlme
1241 1548 1435 1576 comuntur
1467 1536 1631 1588 qualibet
1653 1536 1854 1589 perculsio-

527 1614 591 1642 ne.
629 1599 674 1656 3)
709 1601 747 1641 in
782 1600 998 1654 punc‘t0n3
1034 1599 1187 1640 malleus
1206 1602 1310 1639 enim
1333 1599 1854 1640 nbdistribumclcstricitzite

527 1664 585 1706 sua
619 1677 686 1718 per
717 1676 947 1718 campanam
982 1663 1020 1704 T
1049 1673 1087 1703 et
1121 1675 1200 1702 non
1233 1662 1427 1703 electricus
1461 1663 1623 1702 redditus
1643 1662 1700 1703 vel
1729 1662 1855 1704 saltem

527 1731 654 1770 minus
693 1727 884 1769 elestricus
932 1728 1052 1768 redire
1091 1727 1204 1767 debet
1236 1737 1273 1766 ct
1307 1736 1498 1780 percutere
1531 1729 1648 1766 ctiam
1699 1739 1855 1781 campa-

528 1805 621 1833 nam
673 1791 954 1833 electrificamm
986 1791 1023 1833 V
1056 1803 1145 1831 cum
1197 1791 1386 1830 incuruata
1436 1791 1704 1841 extremitate,
1757 1792 1856 1831 vnde

531 1857 609 1896 lux.
647 1854 693 1911 4)
729 1855 888 1896 malleus
905 1852 945 1908 s
959 1868 991 1908 g
1022 1867 1097 1894 non
1129 1853 1321 1894 clctstricus
1351 1855 1465 1893 ctiam
1487 1853 1593 1893 tcrirc
1613 1854 1724 1893 debet
1746 1867 1853 1894 cam-

535 1931 674 1972 panam
706 1918 992 1959 elestrificatam
1027 1918 1064 1958 V
1099 1927 1137 1957 et
1176 1917 1369 1958 scintillam
1411 1927 1702 1970 concrepantem
1745 1918 1855 1958 clice-

533 1994 588 2022 re.
660 1980 698 2021 Si
733 1981 881 2035 sphaera
930 1982 1112 2036 adplicata
1163 1993 1278 2021 manu
1328 1981 1514 2020 continuo
1562 1981 1853 2034 circumagitur,

530 2045 713 2087 continuo
746 2055 945 2088 cernuntur
977 2044 1118 2103 fulgura
1149 2044 1189 2087 in
1222 2042 1332 2084 distis
1361 2042 1521 2101 punc‘tis.

1719 2105 1851 2150 Schol.
