2020 2668
696 101 909 148 NVMVS
1425 113 1514 159 367

196 220 270 260 rint
289 252 300 272 ‚
330 228 449 271 neque
481 215 736 269 promiscuam
768 226 1019 258 externorum
1050 215 1277 271 populorum
1319 229 1493 260 commu-

197 284 351 322 nionem
385 292 565 333 vmqu-Jm
601 279 825 319 admiserint.

311 345 436 396 Atque
468 343 540 382 hoc
571 353 830 394 argumentum
873 341 965 382 tanti
998 343 1097 395 apud
1129 340 1250 394 ipsum
1285 342 1351 383 fuit
1401 357 1499 398 pon-

193 405 288 446 deris
308 438 318 457 ,
354 416 396 445 vt
428 405 578 444 tandem
611 416 690 443 non
724 405 875 444 auderet
907 405 1066 445 Rhodiis
1098 406 1135 444 in
1166 405 1279 445 insula
1329 406 1499 448 habitan-

194 469 288 508 tibus
315 467 411 507 hunc
430 477 588 506 numum
622 466 780 506 tribuere
803 498 813 517 ‚
848 466 905 506 sed
939 465 1086 507 Cauniis
1106 500 1117 518 ‚
1149 468 1210 521 qui
1245 470 1284 508 in
1302 471 1503 510 continen-

191 539 231 570 te
273 529 404 570 inliilae
434 528 581 569 obiee‘ta
613 529 827 569 habitabant
848 559 858 579 ‚
894 539 934 568 et
964 530 1124 572 Rhodiis
1175 532 1381 583 parebunt,
1412 545 1501 574 eum

195 592 366 633 maluerit
399 592 574 632 tribuere.
638 591 715 647 Qui
747 604 834 631 cum
869 593 983 631 ess‘ent
1026 593 1268 634 Rhodiorum
1321 595 1468 636 subiecti
1488 626 1500 646 ‚

196 665 336 708 atque,
384 664 425 695 vt
465 652 766 695 STRABONE
817 655 976 695 docente
1006 654 1136 695 scimus
1157 687 1167 706 ,
1216 670 1238 696 a
1273 655 1501 699 Cretensibus

193 718 378 770 originem
411 716 595 757 duxissent
616 746 628 761 ,
659 730 817 757 numum
851 717 951 757 hunc
983 719 1033 758 ita
1053 719 1273 770 fignaueriut
1292 752 1303 771 ,
1338 731 1378 760 vt
1405 721 1502 774 figu-

193 793 233 820 m
265 781 440 832 primaria
469 779 705 820 ostenderent
741 778 820 819 suos
851 793 1011 833 proauos
1033 811 1044 829 ‚
1078 779 1158 820 rofa
1187 790 1316 822 autem
1347 783 1500 825 Rhodia

193 842 389 883 fiterentur
420 843 597 882 dominos
617 873 627 892 ‚
662 855 823 895 quorum
860 853 1069 895 praetorem
1103 844 1272 884 aduersae
1306 848 1400 897 parti
1436 847 1501 886 ad-

194 904 417 956 scripsiffent.
485 905 592 944 Putat
623 906 724 945 enim
759 905 847 945 illud
880 917 1026 945 nomeu
1058 905 1154 945 forte
1185 906 1384 958 legendum
1427 908 1500 948 effe

193 963 669 1008 ΝΕΟΠΤΟΛΕΜΟΣ.

308 1029 480 1082 Apparet
516 1041 629 1081 quam
681 1041 814 1081 parum
845 1026 924 1068 suae
956 1028 1202 1081 explicationi
1254 1030 1335 1071 fisus
1366 1031 1408 1072 fit
1441 1034 1501 1073 vit

191 1091 347 1132 dostus:
383 1092 628 1144 laudaui-aque
659 1092 711 1131 est
742 1093 900 1144 ingenua
931 1091 1105 1143 indoles,
1137 1105 1227 1146 quae
1244 1094 1397 1135 dubium
1420 1108 1497 1135 non

189 1153 390 1207 suppressit.
461 1155 544 1194 Iam
581 1166 670 1193 vero
703 1154 728 1194 fi
761 1153 991 1193 Cauniorum
1042 1155 1093 1194 est
1123 1167 1255 1195 numus
1275 1188 1285 1206 ,
1338 1167 1380 1197 vt
1412 1157 1495 1211 sup-

189 1205 332 1270 ponit}
365 1220 440 1270 quo
471 1217 549 1256 iure
580 1216 617 1255 in
650 1217 760 1256 titulo
794 1216 1058 1256 adl'cribebatur
1089 1217 1288 1259 Rhodiis?
1319 1220 1460 1261 mirum
1482 1252 1493 1272 ‚

187 1279 250 1332 qui
282 1280 444 1331 potuerit
486 1277 664 1329 Ciuniis,
698 1278 870 1318 libertate
905 1291 980 1318 non
1012 1281 1282 1331 gaudentibus,
1332 1281 1389 1323 sed
1423 1285 1492 1323 ob·-

187 1342 308 1381 noxiis
325 1374 335 1392 ,
359 1344 409 1381 ius
432 1353 566 1381 numos
583 1341 739 1381 cudendi
760 1351 836 1381 tam
858 1341 957 1381 facile
975 1346 1181 1383 concedere
1200 1357 1208 1381 z
1246 1357 1360 1396 quum
1393 1346 1490 1386 nulla

186 1404 307 1444 exstet
325 1405 498 1457 probatio
517 1436 527 1454 ,
561 1404 597 1443 id
632 1403 718 1442 vllis
750 1403 812 1445 tali
852 1403 1072 1443 conditione
1095 1405 1299 1446 vinentibus
1336 1407 1486 1447 licuisse.

303 1467 401 1522 Quid
434 1469 553 1520 itaque
586 1465 738 1518 superest
758 1498 769 1518 ‚
802 1467 901 1519 quod
943 1477 1166 1519 argumento
1206 1467 1250 1508 sit
1269 1500 1279 1519 ,
1331 1470 1491 1513 Rhodiis

185 1529 284 1570 hunc
317 1542 474 1570 numum
510 1527 642 1569 debere
673 1538 734 1568 aut
768 1529 868 1581 poffe
901 1528 1089 1570 adscribi?
1119 1531 1216 1572 Rosa
1249 1531 1330 1584 est,
1365 1535 1490 1573 mino-

183 1602 290 1633 tauro
320 1592 538 1645 superposita
558 1623 571 1642 ,
603 1590 656 1630 illi
689 1591 815 1631 similis
835 1623 846 1642 ‚
878 1603 972 1644 quae
1006 1593 1043 1632 in
1083 1593 1266 1646 plerisque
1314 1594 1491 1637 Rhodio-

182 1668 268 1696 rum
302 1656 421 1694 mimis
452 1654 602 1695 alteram
635 1655 814 1706 paginam
847 1663 1019 1693 exornat.
1083 1654 1140 1695 Ita
1173 1666 1299 1697 autem
1347 1659 1490 1700 exstans

184 1717 236 1758 est
268 1719 307 1757 in
337 1717 404 1756 illis
434 1716 539 1768 roffi,
577 1726 616 1755 vt
651 1729 778 1756 areum
812 1716 887 1756 fere
921 1729 1079 1757 omnem
1131 1718 1205 1758 sola
1238 1719 1424 1773 impleat:
1459 1723 1486 1764 fi

183 1793 253 1834 qna
286 1789 411 1819 autem
443 1780 513 1820 alia
545 1779 689 1831 figura,
729 1791 768 1819 vt
802 1780 931 1830 mnis,
964 1779 1081 1832 aquila
1102 1812 1112 1831 ‚
1153 1780 1325 1834 serpens,
1377 1786 1485 1825 cadu-

181 1855 265 1883 ceus
285 1873 295 1890 ‚
329 1842 464 1882 athleta
486 1875 495 1893 ‚
527 1842 656 1881 botrus
675 1872 685 1891 ,
716 1842 916 1894 delphinus
950 1841 1094 1894 inliiper
1124 1845 1265 1884 adiecta
1305 1846 1375 1898 fit,
1424 1848 1484 1890 illa

181 1903 418 1946 min-utillima
447 1904 680 1944 exhibeatur.
744 1902 855 1944 Cuius
885 1904 1039 1956 quidem
1082 1908 1309 1948 contrarium
1362 1911 1413 1950 est
1446 1912 1484 1952 in

182 1968 338 2017 nostro,
367 1968 432 2007 vbi
467 1969 694 2007 minotaurus
726 1979 852 2006 aream
886 1967 1052 2019 implet,
1103 1968 1216 2008 rosula
1265 1971 1487 2026 superponi·

180 2040 249 2070 tur.
283 2030 350 2070 Ex
369 2043 442 2083 quo
459 2029 689 2083 consequitur
709 2062 720 2081 ,
753 2031 854 2083 quod
887 2029 948 2071 hic
980 2042 1113 2071 numus
1162 2043 1238 2072 non
1275 2033 1318 2074 sit
1367 2036 1479 2077 Rho-

1298 2096 1446 2137 diorum
1461 2131 1479 2151 ⁰
