2020 2668
517 99 620 150 :376
842 90 1147 138 DENARIVS
1179 81 1528 139 ARGENTEVS

519 209 657 251 valore
691 208 730 250 in
766 207 840 248 hoc
872 206 1126 262 antiquissimo
1158 204 1343 248 scribendi
1390 218 1528 262 genere
1577 204 1676 248 ποεῖς
1694 235 1707 259 ,
1755 215 1851 262 qaae

527 274 709 330 posterius
741 284 873 312 aenum
909 272 1100 312 adiuuenit
1119 302 1130 322 ,
1165 269 1353 311 destituto,

643 337 855 378 Enimuero
888 335 983 375 nihil
1016 346 1096 375 tam
1131 334 1285 374 arduum
1317 333 1396 386 est,
1439 333 1538 387 quod
1591 346 1671 375 non
1720 333 1830 374 vinca

525 399 660 441 assidua
703 399 899 440 industria:
955 409 1063 454 atque
1097 399 1177 439 vsus
1227 396 1459 452 quotidianus
1506 409 1581 439 non
1632 397 1850 451 longiss'nno

527 474 706 518 tempore
740 475 791 503 ex
824 461 1004 503 tironibus
1036 463 1123 502 fiicit
1153 472 1331 515 promtos
1368 459 1541 501 artifices.
1621 460 1745 516 Spero
1783 472 1849 501 au-

527 536 611 567 tem
646 530 808 568 fiiturnm
829 559 839 577 ,
875 536 918 566 vt
951 525 1112 567 multum
1146 526 1337 566 adiuuetur
1369 536 1503 565 eorum
1524 556 1535 575 ,
1587 525 1650 579 qui
1691 525 1739 566 ad
1773 524 1849 565 hoc

528 591 690 632 studium
721 589 893 631 accessuri
934 588 1011 629 stint
1033 621 1044 639 ‚
1078 588 1282 639 industria,
1323 587 1350 628 fi
1383 588 1420 627 in
1453 588 1577 628 lucem
1627 588 1851 641 protrahan-

527 663 586 694 tur
605 686 615 705 ,
648 667 690 694 ac
725 654 900 694 omnium
934 652 1054 693 vsibus
1086 652 1425 692 accommodentur
1493 650 1575 691 satis
1605 652 1724 692 multa
1743 649 1853 692 Cufi-

530 730 596 758 cac
629 716 827 772 scripturae
862 715 1094 769 specimina,
1135 727 1228 770 qnae
1263 715 1302 755 in
1334 713 1570 755 bibliothecis
1619 715 1849 756 affermntur.

528 781 718 835 Equidem
752 792 820 821 nec
855 780 971 820 studio
1004 791 1068 820 nec
1088 778 1266 820 iiimtibns
1284 790 1399 832 parco
1417 809 1428 830 ,
1462 787 1504 818 vt
1521 777 1721 832 complura
1739 790 1852 819 com·
1876 817 1878 819 ,

528 856 662 899 parem
704 846 940 897 vndiqnaque
988 840 1219 896 specimina,
1271 853 1366 896 qnae
1397 853 1418 880 a
1453 841 1582 894 peritis
1631 841 1852 883 delineanda

528 920 620 949 curo
640 940 651 960 ,
685 918 726 948 vt
745 908 830 948 artis
848 906 1182 960 chalcograpliicae
1214 905 1369 946 subsidio
1404 903 1540 958 poffim
1561 904 1599 944 in
1618 904 1740 946 lucem
1761 917 1853 960 pro-

531 971 659 1011 ferre:
694 971 842 1023 iamque
873 971 1036 1008 omnino
1068 983 1144 1009 non
1179 969 1503 1009 contemnendam
1539 969 1693 1020 copiam
1723 967 1851 1010 const:-

531 1044 688 1086 qnntnm
724 1045 788 1073 me
820 1034 966 1085 gaudeo
986 1065 996 1083 ,
1031 1045 1145 1085 qnam
1178 1043 1336 1072 omnem
1373 1030 1491 1070 vlibns
1510 1031 1692 1084 publicis,
1725 1033 1854 1072 vtde-

533 1096 658 1136 stin-ani
678 1127 690 1146 ,
721 1096 774 1135 ita
807 1096 926 1136 indies
956 1096 1116 1148 expolio
1145 1105 1183 1135 et
1214 1104 1365 1136 exorno
1383 1124 1395 1146 ,
1440 1103 1482 1134 vt
1513 1093 1745 1149 amplissimis
1780 1095 1852 1139 vst-

532 1157 602 1200 bns
633 1158 925 1201 accommodata
955 1159 1145 1198 emittam.

649 1220 764 1263 Nunc
797 1231 926 1261 antem
963 1220 1081 1261 visum
1117 1221 1185 1262 snit
1216 1219 1424 1261 numariam
1469 1217 1745 1274 supellec‘tilem
1784 1233 1853 1263 au-

532 1296 622 1340 gere
655 1284 798 1338 ectypo
831 1285 936 1325 numi
969 1283 1136 1337 argentei
1185 1283 1415 1338 integerrimi
1457 1293 1496 1324 et
1533 1284 1749 1325 nitidissime
1783 1296 1856 1326 ex·

533 1348 644 1403 preffi
676 1358 713 1388 et
747 1348 899 1402 optime
934 1346 1148 1388 consti-nati.
1215 1347 1469 1387 Peruenernnt
1501 1348 1546 1388 ad
1580 1360 1683 1388 meas
1725 1361 1855 1390 manus

533 1412 752 1466 complures
771 1444 782 1464 ,
814 1410 875 1452 sed
908 1410 985 1452 lere
1016 1423 1152 1452 omnes
1184 1411 1304 1464 aliqua
1337 1409 1385 1451 sui
1419 1420 1524 1464 parte
1557 1411 1726 1453 enanidas
1754 1411 1856 1453 litte-

534 1487 593 1518 ras
625 1475 892 1517 abscondentes
913 1506 924 1525 ‚
964 1474 1145 1515 vetustate
1177 1475 1330 1526 detriti,
1380 1474 1442 1514 vel
1475 1472 1579 1515 fracti
1629 1477 1854 1529 manciqne:

536 1551 630 1594 quos
663 1538 727 1580 vel
761 1538 1027 1580 oculatiffimns
1058 1550 1134 1580 non
1168 1538 1289 1591 poss'et
1321 1537 1443 1591 legere
1476 1547 1513 1577 et
1547 1538 1736 1591 explicare
1756 1569 1767 1589 ,
1787 1540 1854 1582 nifi

535 1603 740 1656 integriora
772 1602 954 1656 exempla
984 1603 1193 1654 docerent,
1226 1601 1315 1655 quid
1350 1602 1387 1641 in
1419 1600 1564 1642 detritis
1596 1603 1714 1643 decss'e
1747 1603 1857 1644 intel-

533 1666 731 1720 ligendum
764 1666 820 1707 sir.

653 1730 783 1770 Tanto
821 1739 947 1771 antem
980 1729 1154 1771 libentius
1186 1728 1286 1770 hunc
1319 1728 1358 1768 in
1390 1726 1617 1770 Pomcrania
1659 1730 1852 1772 inuentum

539 1803 577 1834 et
610 1792 659 1834 ab
691 1793 828 1834 excell.
875 1792 1072 1847 professore
1123 1792 1302 1835 ANDR.
1355 1791 1707 1835 WESTPHALO
1758 1794 1855 1836 mihi

538 1857 725 1898 donatum
756 1867 796 1897 et
828 1853 1129 1910 Gryphiswaldia
1166 1854 1412 1897 transmisshm
1435 1888 1445 1906 ,
1465 1869 1550 1897 cnm
1574 1858 1723 1911 publico
1741 1870 1854 1899 com-

541 1921 729 1972 munico,
779 1921 960 1974 quoniam
1013 1922 1110 1960 inter
1145 1921 1287 1961 multos
1319 1931 1339 1959 a
1373 1919 1589 1961 doctissimo
1640 1921 1851 1964 KEHRIO

542 1983 746 2037 publicatos
765 2015 775 2034 ,
809 1985 1008 2025 luculentos
1039 1994 1139 2025 certe
1172 1984 1284 2035 illos,
1319 1983 1437 2023 nullus
1469 1984 1520 2024 est
1539 2016 1549 2035 ,
1581 1985 1641 2036 qni
1660 1985 1853 2039 duplicem

539 2047 581 2091 in
612 2056 720 2104 parte
750 2046 895 2090 aduersa
913 2048 1093 2091 circulum
1111 2047 1223 2090 habet
1242 2079 1254 2102 ,
1285 2058 1446 2102 eamque
1464 2044 1714 2103 sententiam,
1741 2061 1853 2105 quam

1816 2123 1861 2154 in
