2020 2668
296 83 535 130 VNICAM
567 90 912 140 VARIABILEM
941 94 1365 154 INVOL‘VENTES.
1433 124 1487 165 ις

189 192 333 235 Harum
368 200 629 251 aequationum
649 237 660 256 ‚
692 219 846 259 quarum
883 223 1056 255 numerus
1086 219 1236 270 quidem
1270 223 1323 263 est
1363 226 1494 266 infini-

189 265 273 308 tus,
306 261 495 313 capiantur
524 274 610 318 tot,
652 279 744 321 quot
781 270 959 314 habentur
1007 277 1149 319 litterae
1194 284 1491 330 determinandae

187 318 218 359 P
238 353 247 370 ,
278 322 346 377 Q,
382 324 416 365 R
435 356 446 376 ‚
480 336 551 366 etc.
586 341 637 369 ex
655 331 774 385 iisque
807 346 934 376 earum
978 341 1119 382 valores
1151 357 1261 386 more
1312 349 1489 393 consueto

183 383 417 425 definiantur.

297 478 329 526 §-
356 491 422 519 12.
456 479 626 525 Calculus
655 485 727 528 hac
777 491 963 534 methodo
1010 496 1244 542 instituendus
1283 504 1328 545 fit
1359 516 1485 548 autem

179 539 386 580 admodum
417 545 583 596 prolixus
601 580 611 600 ,
646 549 671 589 fi
701 552 823 604 plures
862 555 1062 600 habeantur
1112 563 1253 605 litterae
1301 569 1485 610 determi-

178 604 348 643 nandae:
397 616 561 649 attamen
594 612 620 651 fi
652 625 673 652 a
706 615 989 668 simplicioribus
1019 624 1065 664 ad
1098 630 1218 681 magis
1265 633 1479 686 composita

178 667 485 721 progrediamur,
520 685 589 723 per
619 675 876 718 inductionem
913 693 1054 725 certam
1089 701 1163 729 non
1195 691 1393 734 difficulter
1416 696 1483 736 de-

175 727 420 778 prehendetur
436 764 447 784 ‚
481 734 625 776 valores
653 740 833 790 quaefitos
860 742 1020 797 sequenti
1038 752 1159 792 modo
1177 755 1386 809 expreffum
1404 759 1480 813 iri,

173 798 218 829 vt
249 789 322 830 fit:

333 912 389 918 —
423 869 1064 952 A-ssss-l——jLC--f'rsD—l-
1101 899 1191 958 ΕΞ

419 953 1190 1032 (1—})(1——1})41—-},)(1—}7)etc.

337 1069 394 1077 .-
425 1025 1058 1096 A—3B—4—g2C—513D—l-
1091 1051 1164 1084 etc.

271 1370 298 1416 S
315 1385 374 1412 Ξ
411 1395 998 1474 (ἶξῖᾗΪ-’ξ-Ῑςῖῖ-Ἦῖ-
1009 1409 1052 1472 ξ)
1074 1428 1151 1461 etc.

719 1501 792 1532 etc.

154 1553 327 1597 Indufflo
359 1553 450 1596 haec
469 1586 480 1606 ‚
514 1566 584 1609 qua
616 1553 758 1595 valores
788 1553 996 1596 litterarum
1029 1553 1089 1607 P,
1119 1554 1198 1626 (ἐξ
1217 1554 1253 1599 R
1275 1586 1288 1609 ‚
1322 1551 1349 1598 S
1380 1566 1457 1601 etc.

154 1620 346 1670 eruimus,
376 1619 440 1659 etsi
470 1618 521 1658 est
552 1617 748 1658 certiffima
767 1650 778 1669 ‚
812 1626 941 1658 tamen
974 1630 1049 1658 non
1081 1617 1158 1658 fine
1189 1628 1329 1672 ingenti
1367 1634 1458 1663 mo-

150 1682 250 1722 lestia
274 1712 286 1732 ,
321 1691 430 1737 atque
461 1682 546 1721 loco
578 1695 605 1721 α
624 1713 634 1732 ,
669 1679 693 1719 ἓ
712 1710 724 1730 ,
759 1694 799 1736 ’γ
820 1712 831 1732 ,
865 1690 936 1721 etc.
962 1680 1048 1751 spos
1077 1681 1222 1721 valores
1245 1694 1313 1735 per
1339 1691 1390 1738 p,
1408 1695 1456 1739 q,

147 1756 200 1796 r,
235 1758 255 1786 s
287 1753 358 1785 etc.
393 1744 580 1798 expreffiis
609 1743 854 1784 substituendo
884 1752 1064 1814 reperitur
1082 1776 1094 1796 ,
1124 1756 1235 1798 quare
1267 1757 1356 1786 cum
1375 1759 1455 1818 non

147 1808 278 1861 cuique
310 1807 418 1848 liceat
451 1808 549 1848 hunc
583 1806 761 1847 calculum
796 1815 963 1860 repetere
996 1807 1111 1847 alium
1151 1809 1315 1848 modum
1362 1809 1454 1852 fici-

145 1870 280 1911 liorem
316 1872 419 1911 idem
452 1871 636 1911 efficiendi
669 1882 927 1926 proponamus
944 1901 957 1924 ‚
989 1870 1087 1911 cuius
1117 1869 1225 1912 fimul
1248 1872 1286 1913 in
1302 1869 1454 1930 sequenf

145 1934 242 1975 tibus
271 1935 436 1990 amplior
467 1934 510 1976 sit
540 1932 636 1975 vsus.

1291 2059 1333 2111 §—
1369 2059 1445 2115 134
