2020 2668
297 107 376 151 DE
407 99 583 150 MOTV
616 102 927 149 CORPORVM
958 103 1359 150 FLEXIBILWM.
1440 122 1458 149 1
1471 116 1523 161 83

740 212 1013 274 Definitio

300 317 338 343 1.
372 303 529 344 Flexum
563 302 613 342 est
645 301 826 344 eiusmodi
868 304 1024 344 duorum
1056 301 1223 355 corporis
1253 304 1413 356 partium
1447 301 1610 349 ΑΒΝ).
1633 320 1672 350 η.

229 375 268 408 et
300 364 378 407 BC
411 367 599 406 connexio
633 366 669 405 in
699 365 732 405 B
752 399 762 418 ,
803 367 854 406 ita
895 375 940 407 vt
979 375 1134 418 Vtraque
1177 378 1261 418 pars
1312 368 1408 409 circa
1452 368 1527 409 hoc
1551 359 1601 398 fig·
1624 369 1652 390 ²·

230 431 409 485 pune'tum
443 427 476 469 B
509 429 696 469 llberrime
727 429 868 471 infleffl
896 439 1003 484 atque
1034 430 1146 470 rotari
1178 428 1298 483 poffit.

740 537 1002 597 Scholion

300 638 338 668 2.
372 625 535 667 Flexum
574 624 706 666 scilicet
745 625 779 666 B
819 636 963 668 tantum
1003 625 1196 667 diuulfioni
1238 626 1398 679 partium
1442 626 1526 668 AB

229 697 269 729 et
299 687 374 729 BC
406 689 563 739 resistit,
602 689 650 728 de
680 699 806 730 cetero
843 701 966 731 autem
1008 702 1084 729 non
1123 690 1308 742 impedit,
1347 703 1423 743 quo
1451 693 1527 732 mi-

224 764 291 791 nus
321 753 454 793 ambae
484 761 606 805 partes
639 752 685 792 ad
716 765 972 806 quemcunque
1003 753 1182 804 angulum
1214 753 1309 792 inter
1340 752 1375 792 se
1405 751 1523 794 ΑΒΕ

220 814 279 854 vel
315 814 398 854 AB
429 815 657 855 inclinentur.
725 815 887 869 Quando
917 824 1042 855 autem
1073 815 1158 854 dico
1176 841 1189 864 7
1226 824 1350 867 partes
1379 816 1524 858 liberri*

222 889 286 916 me
315 876 455 917 inflecsti
486 875 585 928 posse
604 908 614 927 ‚
645 877 741 916 hanc
759 877 943 917 flexuram
975 877 1206 930 perfeetum,
1234 877 1281 917 de
1300 889 1370 929 qua
1388 876 1449 918 hic
1466 879 1525 919 lo-

221 950 344 990 quor,
381 952 402 979 a
433 939 573 978 flexura
604 938 747 979 elastica
778 938 992 993 distingu03
1033 940 1078 980 ad
1120 950 1242 990 partes
1280 940 1380 979 enim
1422 942 1523 981 circa

220 1000 401 1041 flexuram
434 1000 635 1054 perfestam
667 1002 903 1043 infletstendas
934 1012 1080 1044 tantum
1123 1014 1216 1053 opus
1247 1002 1300 1042 est
1320 1033 1331 1053 ,
1376 1012 1420 1042 vt
1464 1004 1521 1044 in-

217 1063 308 1103 ertia
342 1065 453 1117 partis
487 1065 694 1105 mouendae
723 1066 907 1118 superetur
926 1099 936 1118 ,
964 1079 1053 1106 cum
1088 1066 1112 1106 fi
1144 1064 1286 1106 flexu-ra
1326 1064 1412 1105 effet
1444 1068 1520 1108 ela-

218 1125 305 1166 stica
325 1159 336 1177 ‚
371 1136 551 1179 praeterea
582 1127 696 1168 elater
727 1128 879 1181 superari
909 1129 1070 1169 deberet.
1134 1126 1360 1168 Huiusmodi
1377 1129 1520 1170 flexura

219 1189 382 1242 perfect-„1
433 1189 665 1243 producitur,
706 1191 733 1231 fi
765 1193 843 1232 duo
873 1204 1032 1244 corpora
1070 1203 1145 1244 ope
1183 1189 1237 1230 fili
1271 1191 1489 1243 colligantur
1508 1224 1520 1244 ,

218 1253 317 1305 quod
350 1252 503 1305 quidem
535 1254 664 1306 cuique
695 1255 745 1294 est
777 1263 935 1306 notum,
967 1266 1126 1308 corpora
1162 1263 1288 1293 autem
1322 1256 1420 1294 circa
1451 1255 1519 1295 fle-

223 1327 355 1355 xuram
387 1315 461 1355 (iltis
490 1315 631 1368 gracilia
665 1317 735 1357 effe
766 1326 919 1370 oportet
939 1350 949 1368 ‚
989 1327 1032 1357 vt
1065 1329 1111 1356 ne
1142 1317 1254 1356 nimis
1286 1317 1392 1356 craffi
1421 1317 1518 1370 figu-

218 1390 259 1418 ra
293 1378 545 1418 inflectionem
577 1379 768 1432 impediat.
833 1379 1075 1421 Haucobrem
1108 1380 1169 1419 hie
1202 1390 1325 1431 partes
1355 1392 1423 1432 per
1450 1381 1518 1420 fle-

215 1452 349 1480 xuram
380 1443 474 1480 inter
504 1440 536 1480 se
567 1453 752 1482 connexas
791 1452 962 1495 tunquam
1002 1442 1113 1482 lineas
1149 1442 1268 1482 restas
1307 1442 1516 1495 repraesen-

215 1505 302 1542 tabo
321 1535 331 1553 ,
363 1505 461 1557 quod
493 1513 616 1543 tamen
662 1503 737 1545 non
777 1505 986 1558 impediat,
1019 1519 1094 1559 quo
1113 1506 1233 1545 minus
1262 1517 1517 1559 quaecunquae

216 1565 353 1618 figurae
374 1598 384 1618 ‚
434 1567 646 1606 dummodo
687 1567 753 1608 (int
794 1569 978 1619 idoneae,
1019 1570 1057 1608 in
1087 1581 1215 1610 earum
1245 1569 1426 1609 linearum
1460 1580 1516 1609 re-

216 1629 357 1670 starum
389 1629 513 1670 locum
549 1641 677 1670 mente
711 1631 978 1671 substituantur.

676 1742 947 1800 Corollar.
995 1765 1036 1799 r.

277 1849 318 1886 3.
350 1835 412 1876 Ex
444 1835 511 1876 hnc
542 1836 755 1877 definitione
789 1840 938 1892 proprie
971 1838 1202 1892 intelligitur,
1235 1840 1318 1892 quid
1352 1840 1394 1880 sit
1425 1852 1508 1881 (οτι

213 1912 280 1952 pus
313 1900 418 1938 vnita
449 1900 586 1939 flexum
623 1902 828 1953 praeditum
853 1917 863 1953 ·‚
896 1903 1034 1954 quippe
1064 1902 1162 1955 quod
1193 1903 1335 1945 constat
1373 1904 1514 1944 duabus-

213 1962 373 2013 pmibus
404 1963 526 2016 rigidis
559 1962 641 2004 AB
672 1975 708 2002 et
740 1963 816 2004 BC
856 1978 922 2019 per
952 1965 1132 2006 flexuram
1164 1965 1198 2006 B
1228 1968 1321 2006 inter
1351 1966 1383 2006 ίὸ
1414 1979 1508 2007 con-

215 2025 330 2063 nexis.

1313 2086 1510 2146 Corol-
