2020 2668
499 121 575 165 ET
605 119 925 165 IVSTINIANI
953 118 1124 164 AVGG.
1406 133 1495 176 339

190 247 313 289 noque
343 229 498 275 Seuerus
528 234 567 275 in
600 235 666 276 illo
697 246 818 276 numo
851 234 1007 289 signatus
1037 233 1132 274 fuit:
1164 244 1241 274 non
1260 231 1407 288 possunt
1422 235 1492 275 vti-

189 311 259 351 que
292 297 476 338 sollicitari
506 298 587 339 illae
606 310 846 339 numerorum
867 308 992 338 notae.
1023 295 1170 337 Vereor
1190 306 1315 338 autem
1335 309 1496 351 magno-

190 373 278 414 pere
326 372 372 400 ne
403 363 527 415 potius
574 361 689 402 illatae
720 362 789 402 sint
808 393 821 413 ‚
869 373 981 415 quam
1030 371 1082 400 ex
1113 372 1233 401 numo
1265 358 1496 416 Seguiniano

189 434 330 465 erutae.

304 484 368 525 Ab
401 485 591 526 Harduino
623 497 699 527 non
731 485 898 528 multum
928 485 1082 528 diuersus
1097 485 1148 527 est
1163 485 1322 529 IOAN.
1343 485 1495 528 VAl'L-

192 547 432 590 LANTIVS
481 550 519 589 in
552 550 649 589 notis
679 558 716 589 et
748 548 1060 590 obseruationibus
1107 549 1153 590 ad
1188 549 1288 590 Petr.
1339 547 1492 603 Seguini

191 610 320 651 selecta
360 612 585 652 numismata
628 619 717 666 pag.
771 616 872 661 396.
907 612 971 652 vbi
1003 611 1163 665 Bospori
1197 611 1254 653 seu
1285 610 1495 654 Sarmatiae

191 686 323 727 regum
353 686 475 714 aeram
509 675 556 714 ab
597 687 695 714 anno
728 674 778 715 V.
814 673 862 715 C.
897 671 1149 715 CCCCLIII.
1200 675 1353 716 orditur.
1420 676 1494 717 At-

192 750 263 789 que
296 748 345 776 ex
377 737 478 777 huius
495 736 640 776 calculo
673 736 736 776 ille
757 769 767 788 ,
798 738 862 790 qui
896 750 984 778 cum
1003 735 1127 778 Seueri
1155 739 1276 791 capite
1294 738 1397 792 iungi
1416 751 1494 779 cre-

191 800 288 840 ditur
308 828 318 841 ‚
368 800 414 840 ad
464 799 516 839 A.
551 798 600 839 V.
639 796 686 838 C.
737 797 1096 842 DCCCCXLVII.
1150 801 1221 840 erit
1269 801 1490 842 referendus.

191 861 401 903 Enimuero
433 863 471 902 in
502 861 630 902 medio
663 861 760 903 hanc
808 875 971 903 omnem
1006 863 1054 902 de
1086 862 1152 903 ista
1183 875 1263 903 aera
1312 864 1495 917 quaestio-

191 936 278 964 nem
310 924 477 977 relinquo
511 925 702 976 positam:
736 924 824 965 iliud
859 935 986 965 autem
1020 933 1112 977 puto
1145 937 1221 964 non
1252 935 1393 965 temere
1430 937 1496 965 me

191 997 374 1036 monete,
423 985 524 1038 quod
571 985 810 1025 Sauromates
841 986 904 1026 iste
923 1017 934 1036 ‚
983 985 1045 1040 qui
1079 984 1220 1027 Seuero
1251 999 1409 1028 coaeuus
1442 998 1493 1028 ex

190 1047 265 1088 fide
297 1046 509 1101 Seguiniani
542 1048 646 1088 numi
677 1048 837 1088 creditur
859 1078 870 1097 ‚
903 1049 1040 1102 duplici
1072 1049 1149 1088 iure
1191 1047 1372 1102 suspectus
1420 1048 1498 1090 effe

189 1111 351 1151 debeat:
383 1110 483 1163 quod
515 1119 554 1150 et
588 1110 742 1150 Traiani
774 1111 913 1150 barlmti
945 1124 989 1150 ac
1022 1109 1148 1151 Seueri
1181 1123 1316 1164 magua
1365 1112 1495 1153 fimili⁴

191 1173 281 1212 tudo
313 1172 363 1211 est
382 1203 392 1222 ‚
426 1171 637 1225 praesertim
671 1172 699 1212 fi
731 1172 808 1225 quis
839 1174 878 1212 in
912 1185 1031 1213 numo
1063 1185 1140 1212 non
1170 1175 1318 1226 optime
1368 1175 1490 1214 elabo-

191 1244 275 1274 rato
306 1234 438 1287 aliquid
473 1234 605 1274 rudiori
638 1242 676 1273 et
708 1234 879 1275 barbarae
915 1235 1066 1293 fiQricae
1082 1236 1298 1276 condonet:
1339 1245 1376 1276 et
1392 1238 1492 1290 quod

192 1297 366 1347 numeri,
398 1309 490 1349 quos
519 1296 702 1349 Seguinus
733 1297 837 1337 dedit
859 1329 869 1347 ,
901 1294 1105 1351 omnesque
1135 1298 1246 1338 secuti
1280 1299 1386 1350 suut,
1413 1311 1491 1340 non

191 1359 319 1399 iniuria
339 1389 350 1409 ‚
400 1369 441 1398 vt
473 1360 623 1412 quidem
673 1360 811 1411 spem,
846 1361 884 1399 in
916 1360 1068 1401 dubium
1116 1362 1281 1401 reuocari
1331 1362 1492 1414 poffiiut.

192 1422 394 1474 Tauroque
415 1421 564 1461 securius
583 1431 677 1474 puto
697 1421 879 1462 inhaereri
898 1423 958 1463 hic
978 1423 1139 1462 Traiano
1159 1455 1170 1474 ,
1206 1425 1307 1464 cuius
1340 1433 1496 1478 tempo-

193 1486 289 1525 ribus
307 1483 551 1525 Sauromatem
570 1483 698 1523 vixisse
718 1484 932 1526 PLINIVS
952 1486 1122 1539 testatur3
1148 1499 1262 1538 quum
1283 1485 1376 1526 illius
1394 1488 1491 1528 ima-

193 1560 244 1602 go
264 1579 273 1597 ,
304 1557 411 1600 atque
432 1547 468 1587 in
485 1547 595 1586 altera
614 1545 704 1585 facie
732 1545 970 1588 Sauromates
995 1561 1066 1588 rex
1085 1580 1096 1599 ,
1140 1549 1179 1587 in
1197 1561 1317 1589 numo
1345 1548 1490 1590 Lamo-

193 1611 322 1658 niano,
342 1622 427 1649 cum
451 1609 577 1649 litteris
596 1610 632 1649 H
655 1610 689 1648 Υ
709 1609 803 1649 clare
818 1612 936 1651 exstet
957 1625 968 1664 3
996 1621 1103 1665 atque
1128 1611 1204 1651 eius
1239 1611 1411 1652 successor
1436 1621 1493 1651 et-

194 1674 269 1712 iam
292 1672 492 1712 Hadrianus
519 1684 605 1711 cum
626 1673 761 1711 eodem
793 1673 922 1714 visatur
947 1674 1045 1726 apud
1084 1673 1363 1716 HAYMIVM
1398 1669 1491 1728 thes.

195 1735 368 1776 Britann.
386 1741 487 1788 part.
506 1735 555 1776 ΙΙ.
571 1742 660 1788 pag.
686 1745 756 1782 53,
777 1748 863 1775 cum
886 1738 1047 1776 numeris
1066 1738 1184 1777 PIT:
1215 1735 1272 1775 sed
1291 1733 1490 1778 Sauroma-

198 1799 442 1849 tac,quicum
454 1796 589 1837 Seuero
601 1798 836 1847 vixerit‚ncc
848 1800 932 1838 vola
943 1799 1059 1838 exstet
1079 1812 1147 1839 nec
1167 1799 1380 1852 vestigium,
1401 1800 1427 1840 si
1446 1800 1492 1840 ab

198 1872 316 1899 numo
325 1859 553 1911 Seguiniano
565 1891 574 1909 ‚
584 1860 786 1898 admodum
799 1861 923 1901 multis
932 1861 1049 1901 dubiis
1060 1861 1276 1912 subiacente,
1287 1862 1489 1903 discesseris.

311 1920 385 1961 Cur
418 1923 455 1961 in
490 1922 601 1961 altera
635 1922 737 1961 numi
771 1922 875 1963 huius
907 1925 1039 1976 pagina
1072 1935 1195 1964 verres
1212 1925 1359 1975 exstet,
1393 1925 1492 1978 isque

199 1986 291 2024 vitta
340 1996 559 2036 exornatus,
611 1984 678 2022 vix
726 1984 837 2025 aliam
889 1988 1075 2026 rationem
1132 1987 1219 2027 dare
1272 1989 1489 2040 possumus,

200 2059 310 2099 quam
334 2049 430 2100 quod
449 2046 664 2092 sacrificium
694 2047 839 2099 aliquod
859 2049 1022 2090 solemne
1039 2050 1245 2091 denotetur.
1285 2050 1394 2091 Forte
1421 2061 1489 2089 ex-

754 2110 789 2150 V
820 2124 847 2152 v
883 2121 906 2150 2
1359 2113 1488 2151 orcitus
