2020 2668
498 78 586 110 ιη
649 64 732 112 DE
764 58 999 110 PITVITA
1029 58 1367 109 GLVTINOSA
1407 63 1702 112 LARYNGIS.

494 179 690 223 recessibus
719 179 952 222 interioribus
983 190 1004 220 a
1037 174 1155 220 maffa
1187 175 1378 231 sanguinea
1416 177 1660 222 secernantur.
1743 178 1806 223 In

493 245 648 298 quidem
690 254 741 284 ex
773 241 944 298 analogia
962 274 972 292 ‚
1023 254 1137 296 quam
1188 239 1340 282 secretio
1384 239 1548 282 aliorum
1597 243 1803 286 humorum

492 307 624 361 paullo
657 305 864 360 spissiorum
895 308 939 347 in
971 302 1018 346 C.
1054 304 1105 345 H.
1142 301 1288 358 (quales
1317 303 1395 345 sunt
1413 306 1592 347 materiae
1609 305 1802 365 sebacoee)

493 369 693 410 manifesto
724 368 964 422 suppeditat,
996 369 1217 410 concludere
1248 368 1350 408 licet.
1421 368 1577 422 Organa
1609 369 1674 411 ista
1699 372 1803 424 glan-

492 432 596 472 dulas
626 432 748 472 dicere
781 432 951 474 solemus.
1017 431 1154 487 Quales
1185 440 1311 471 autem
1345 440 1382 471 et
1411 443 1597 485 quaenam
1627 432 1698 474 fint
1716 435 1802 476 istae

490 494 685 548 glandulae
707 526 718 546 ,
750 506 844 548 quae
873 494 969 535 hanc
1003 495 1177 548 pituitam
1211 493 1432 546 glutinosam
1465 505 1502 534 et
1532 504 1701 538 tenacem
1750 499 1799 540 la-

489 559 617 612 ryugis
649 558 868 609 secernunt,
901 570 970 611 per
1003 558 1092 598 solas
1132 558 1360 598 anatomicas
1407 557 1678 611 disquisitiones
1723 573 1803 603 non

488 620 575 662 latis
607 622 754 662 videtur
783 621 1090 662 determinatum.
1157 618 1223 660 Ne
1257 620 1367 673 igitur
1401 630 1548 661 temere
1596 622 1684 675 quid
1734 626 1801 667 sta-

489 694 640 726 tuamus
656 717 668 737 ,
698 684 838 739 aliquas
866 683 1177 725 considerationes
1209 681 1424 737 subiungere
1456 696 1535 724 non
1568 684 1715 726 imutile
1744 687 1801 729 fi>-

489 760 530 790 re
561 748 788 803 putauerim.

605 813 644 861 §.
671 824 738 852 xl.
775 810 886 851 Duae
920 809 1154 864 potissimum
1187 808 1321 863 species
1352 809 1603 863 glandularum
1636 812 1800 854 circala-

489 887 648 928 ryngem
681 885 721 914 et
753 874 944 914 tracheam
975 874 1148 926 cognitae
1181 874 1259 913 sunt
1279 903 1292 924 ‚
1324 886 1410 926 quas
1444 874 1658 915 solertissimi
1688 876 1800 916 Mor-

488 939 602 992 gagni
654 937 842 990 diligentia
873 937 1013 990 partim
1049 937 1087 975 in
1119 937 1287 989 apricum
1308 936 1516 989 produxit,
1550 939 1683 990 partim
1703 950 1799 978 exa-

487 1001 585 1042 ᾶίιιε
617 1000 818 1053 descripsit.
883 999 996 1039 Tales
1030 998 1108 1038 sunt
1139 999 1331 1052 glandulae
1380 1000 1610 1052 cpiglottidis·
1647 1010 1684 1040 ct
1717 1013 1794 1052 ary-

487 1064 656 1104 tenoides
690 1064 728 1102 in
760 1063 911 1115 laryuge
931 1093 941 1113 ,
974 1073 1068 1114 quae
1101 1060 1206 1114 saepe
1246 1060 1614 1113 conglomemtarum
1663 1076 1799 1115 moue,

485 1127 527 1166 in
561 1137 732 1166 racemos
765 1125 901 1165 molles
931 1124 1113 1164 collectae
1144 1125 1256 1176 iunt3
1287 1124 1325 1162 in
1357 1124 1504 1164 trachea
1538 1135 1667 1165 autem
1688 1126 1797 1178 illae,

484 1201 580 1242 quae
613 1189 651 1228 in
683 1187 822 1242 postica
855 1189 934 1228 eius
981 1186 1160 1240 portione
1180 1217 1192 1237 ,
1238 1188 1276 1226 iu
1310 1186 1504 1226 interstitio
1551 1188 1799 1229 membraneo

483 1251 740 1305 longitudiuali
773 1252 869 1291 inter
901 1250 1163 1303 cartilaginum
1199 1248 1516 1291 semianuularium
1536 1251 1715 1292 terminos
1741 1264 1798 1292 re-

483 1315 580 1356 licto
602 1347 612 1366 ,
643 1314 804 1355 detracta
836 1314 961 1354 tunica
995 1313 1182 1354 exteriore
1201 1344 1212 1364 ,
1244 1310 1423 1352 solitariae
1443 1344 1456 1363 ‚
1476 1315 1601 1355 ouales
1626 1323 1663 1354 et
1688 1326 1797 1355 com-

483 1377 627 1434 preffiae
657 1377 957 1430 conspiciuntur,
989 1385 1027 1416 et
1058 1387 1214 1429 quarum
1260 1374 1452 1416 canaliculi
1505 1390 1571 1430 per
1621 1377 1797 1420 subiectas

484 1441 597 1482 fibras
627 1452 772 1481 carneas
804 1438 1001 1480 transmissi
1031 1438 1158 1479 osculis
1190 1437 1255 1478 suis
1285 1440 1500 1479 excretoriis
1548 1441 1641 1480 intra
1691 1440 1794 1494 aspe-

482 1517 567 1546 ram
600 1504 772 1543 arteriam
807 1502 924 1543 hiant.
988 1503 1068 1543 Aut
1101 1502 1212 1555 igitur
1245 1500 1377 1540 harum
1412 1501 1615 1555 specierum
1662 1504 1792 1546 alteru-

481 1577 540 1608 tra
561 1600 572 1619 ,
607 1576 670 1607 aut
701 1567 836 1607 ambae
871 1577 942 1620 pro
976 1566 1128 1618 pituitae
1161 1562 1359 1618 glutinosae
1399 1563 1615 1619 scaturigine
1667 1566 1793 1608 haberi

481 1631 647 1681 debent,
677 1639 741 1670 aut
773 1630 864 1670 aliae
896 1628 1080 1682 quaedam
1113 1639 1232 1667 nouae
1269 1627 1460 1680 glandulae
1509 1629 1685 1670 haetenus
1735 1631 1794 1671 in-

481 1694 656 1748 cognitae
687 1692 988 1733 anatomicorum
1020 1690 1193 1731 scnitinio
1224 1690 1453 1744 detegendae
1501 1692 1635 1733 restant
1653 1725 1664 1745 ,
1712 1693 1794 1748 qui-

484 1758 550 1799 bus
582 1757 644 1798 ista
677 1755 816 1797 fimetio
849 1754 1016 1808 assignari
1048 1764 1171 1808 queat.

599 1820 634 1868 §.
661 1830 729 1859 12.
761 1819 873 1876 Quod
905 1819 952 1859 ad
984 1817 1174 1872 glandulas
1213 1818 1249 1859 in
1283 1816 1453 1859 tracheae
1499 1818 1610 1860 dorso
1656 1820 1794 1873 positas

481 1891 524 1922 et
558 1881 712 1922 secundo
743 1883 829 1923 loco
862 1892 1100 1923 enumeratas
1131 1882 1263 1922 attinet
1282 1913 1294 1932 ,
1324 1880 1398 1921 illas
1429 1881 1515 1923 huic
1549 1882 1662 1934 scopo
1681 1882 1790 1923 inser·

480 1946 564 1985 vire
595 1946 662 1984 vix
696 1944 886 1999 probabile
914 1945 977 1985 est.
1062 1945 1219 1986 Humor
1257 1944 1360 1984 enim
1394 1944 1455 1985 hic
1488 1946 1791 1986 exerc-mentium

479 2007 522 2049 in
551 2007 719 2066 fiaprema
750 2009 903 2064 larynge
932 2007 1058 2051 sedem
1098 2007 1201 2051 suam
1249 2007 1387 2049 habere
1420 2006 1542 2065 solct3
1595 2009 1789 2064 glandulae

1660 2082 1788 2114 autem
