2020 2668
511 116 597 160 24²
632 104 928 152 OBSERVAT.
966 105 1299 152 METEOROL.
1337 104 1550 150 INSTIT.
1583 104 1822 154 PETROP.

720 219 847 262 Martii
923 225 991 262 16.
1028 222 1114 264 Lux
1147 223 1260 263 borea
1296 220 1459 274 debitis,
1507 223 1597 263 ae're
1636 220 1761 264 sereno
1793 231 1832 265 et

1037 289 1176 342 quieto,

914 360 982 400 17.
1017 350 1108 392 Lux
1161 351 1277 392 borea
1327 349 1478 391 humilis
1525 360 1564 391 et
1605 350 1828 404 tranquilla,

1040 415 1158 456 flante
1190 415 1374 456 mediocri
1411 413 1549 467 Euro,
1581 425 1619 455 et
1644 415 1755 455 coelo
1774 415 1828 454 se-

1039 491 1145 520 reno.

906 553 978 592 24.
1012 541 1100 584 Lux
1134 543 1248 583 borea
1281 541 1504 597 tranquilla,
1537 541 1646 582 coelo
1679 540 1828 595 seren0,

1035 605 1144 646 fiuntc
1178 606 1361 646 mediocri
1393 603 1665 646 Borea-Euro.

908 680 982 720 29.
1016 668 1105 710 Lux
1137 669 1251 709 borea
1282 668 1466 719 humilis,
1519 669 1558 709 in
1600 681 1672 723 qua
1714 669 1824 722 pauci

1033 733 1128 775 radii
1160 732 1390 787 assurgebant
1408 765 1420 786 ,
1450 733 1491 773 in
1525 733 1721 776 teremitatc
1737 743 1827 789 per·

1034 796 1129 838 feeta
1148 830 1159 850 ,
1192 806 1231 838 et
1262 797 1409 837 lucente
1439 794 1562 839 Luna.

906 871 978 912 30.
1011 861 1176 914 Vestigia
1208 860 1299 901 lucis
1332 861 1482 900 boreae.

699 922 843 978 Aprilis
937 941 973 966 1.
1009 924 1176 977 Vestigia
1209 924 1297 963 lucis
1328 923 1466 963 boreae
1487 956 1499 974 ,
1540 924 1652 965 coelo
1683 924 1825 964 serenO.

935 1001 973 1029 2.
1009 989 1171 1039 Vestigia
1204 987 1294 1027 lucis
1323 987 1497 1041 boreae3
1539 987 1650 1028 coelo
1683 989 1823 1028 iterum

1034 1051 1178 1091 screno.

929 1124 968 1162 ς.
1006 1113 1090 1155 Lux
1123 1114 1236 1153 borea
1268 1113 1306 1154 in
1337 1113 1528 1154 serenitate
1562 1112 1738 1168 perfee'ta.

893 1189 963 1218 τι.
997 1176 1083 1217 Lux
1117 1178 1233 1218 borea
1275 1177 1349 1217 alta
1383 1188 1422 1217 et
1454 1188 1579 1230 vaga,
1629 1177 1741 1218 coelo
1770 1175 1820 1217 se-

1034 1252 1141 1281 reno.

894 1317 964 1345 12.
999 1304 1088 1346 Lux
1121 1305 1237 1344 borea
1271 1305 1310 1345 in
1342 1316 1426 1344 arcu
1462 1303 1625 1344 multum
1661 1303 1823 1358 cle-nato,

1037 1379 1076 1410 et
1109 1367 1270 1409 trabibus
1289 1398 1302 1419 ‚
1337 1368 1381 1408 ad
1416 1368 1491 1408 eius
1510 1378 1683 1409 extrema
1701 1368 1821 1410 ascen-

1030 1433 1201 1473 dentibus
1222 1461 1235 1482 ‚
1265 1431 1474 1485 conspicua.

699 1496 850 1550 Augusti
897 1509 915 1535 1
927 1508 965 1545 ς.
1001 1495 1090 1536 Lux
1133 1496 1245 1536 borea
1288 1494 1508 1548 tranquilh,
1543 1496 1580 1535 in
1624 1495 1822 1538 serenitate

1026 1559 1203 1614 perfetta.

886 1637 954 1675 19.
991 1622 1078 1665 Lux
1111 1623 1227 1662 borea
1248 1655 1258 1674 ‚
1288 1623 1463 1663 emittens
1480 1622 1652 1675 copiosas
1676 1633 1715 1663 ct
1733 1624 1819 1664 lon-

1029 1701 1077 1742 ge
1123 1684 1311 1740 protentus
1354 1689 1505 1740 virgas,
1548 1686 1586 1726 iu
1627 1685 1820 1728 serenitate

1025 1751 1206 1806 perfecta.

618 1813 852 1872 Septembris
889 1825 961 1865 ις.
996 1815 1084 1856 Lux
1119 1815 1231 1855 borea
1267 1814 1492 1870 tranquilla,
1525 1815 1636 1856 coelo
1668 1813 1819 1866 sereno,

1031 1879 1144 1920 flante
1179 1878 1283 1918 tenui
1318 1876 1695 1931 Austro-Zephyro.

902 1947 968 1983 16.
1003 1942 1089 1985 Lux
1123 1942 1237 1982 borea
1270 1942 1464 1995 tranquilla
1484 1974 1496 1994 ,
1527 1942 1639 1982 coelo
1672 1938 1814 1981 sereno.

898 2015 964 2053 18.
1002 2007 1087 2049 Lux
1131 2005 1240 2046 borea
1283 2004 1474 2060 tranquilla
1494 2031 1507 2056 ‚
1546 2005 1589 2048 in
1618 2003 1815 2046 tetcnitate

1024 2067 1203 2129 pcxfce'ta.
