2020 2668
430 101 516 147 DE
543 102 640 145 TIN
643 102 675 144 C
680 98 760 143 TV
760 100 844 144 RlS
876 98 1217 145 METALLORV
1217 98 1274 143 N.
1445 114 1468 141 2
1477 113 1530 151 95-

249 225 384 254 eorum
433 214 603 254 nobilitat
667 210 761 269 (ᾖ).
825 212 940 253 Vnde
990 213 1164 253 maxime
1219 211 1414 264 probabite
1461 213 1543 265 est,

249 286 396 330 partem
472 279 657 329 qimndam
726 277 961 316 arsenicalem
1036 276 1238 315 tincturam
1305 276 1543 316 metallorum

245 340 416 392 ingredi,
477 341 721 392 [praelertim
776 350 867 377 vero
929 349 1065 378 eorum
1095 371 1105 389 ,
1174 350 1268 390 quae
1328 338 1546 391 frequentius

245 413 334 441 cum
366 401 552 453 existumo,
584 414 696 454 quam
729 413 818 441 cum
854 399 1021 452 sulphure
1053 412 1102 440 ex
1135 401 1236 440 venis
1268 401 1467 452 eruuntur]
1483 414 1543 441 εει..

245 477 318 516 que
347 465 394 503 ab
421 464 499 504 aliis
529 463 673 517 fiilgore
704 474 740 503 et
772 464 971 503 tenacitate
1003 462 1240 515 distinguere.
1309 463 1420 518 Quod
1439 476 1542 516 prae-

244 526 390 579 reliquis
406 527 454 566 de
471 526 598 566 stanno
629 539 703 567 non
736 527 806 565 sine
840 524 1036 564 sufficiente
1054 526 1198 565 ratione
1216 524 1390 565 affirmari
1410 527 1539 579 potest.

244 587 439 641 Siquidem
460 620 472 638 ‚
511 597 552 637 1)
583 588 656 628 hoc
689 588 886 628 metallum
921 587 1068 640 semper
1098 588 1241 641 ingleba
1284 588 1462 628 arsenicali
1488 603 1539 629 re-

245 653 400 704 peritur.
467 650 508 704 2)
541 651 739 691 Durstilitas
771 651 844 689 eins
887 662 963 688 non
1001 650 1119 689 iolnm
1170 651 1353 690 nobilium
1405 664 1538 692 verum

245 714 358 753 etiam
391 715 622 765 quorundam
658 714 875 766 ignobilium
909 712 1146 752 metallorum
1170 714 1354 753 tenacitati
1377 715 1538 754 multum

245 776 374 828 cedit3
406 774 493 815 haec
526 786 615 815 vero
643 777 769 828 aliquo
802 775 1018 828 principio,
1062 775 1322 814 infl.=mm.1bili
1357 777 1539 816 materiae

242 836 495 890 heterogeneo
514 871 524 889 ,
543 838 722 878 tinc‘turae
741 837 916 876 admixto
936 868 947 886 ,
966 835 1180 888 infringitur.
1215 835 1272 889 (ξ.
1300 843 1392 886 19)
1425 839 1539 893 Quod

240 908 368 939 tamen
397 901 503 939 acido
536 901 697 939 tribuere
730 912 807 938 non
840 899 1044 947 audemus,
1075 911 1161 937 cum
1197 899 1362 938 stannum
1397 900 1438 939 sit
1466 901 1539 940 mi-

239 972 304 1000 nus
336 961 516 1013 stipticum
536 992 546 1011 ‚
577 974 691 1014 qnam
722 960 789 999 alia
823 960 971 999 metalla
1010 960 1215 1000 durstiliom.
1284 959 1325 1015 3)
1355 959 1538 1002 Staunum

238 1022 419 1064 lubentius
450 1024 489 1063 in
521 1025 574 1063 eis
602 1022 783 1077 spiritibus
814 1022 989 1074 soluitur,
1023 1024 1151 1075 quibus
1182 1025 1328 1064 acidum
1370 1024 1443 1064 {alis
1481 1025 1538 1064 in·

239 1086 305 1127 est.
371 1085 454 1126 Hoc
486 1096 612 1126 autem
647 1097 762 1139 quam
796 1084 997 1138 analogum
1031 1084 1192 1124 arsenico
1224 1086 1296 1137 sit,
1332 1088 1417 1126 inde
1452 1099 1538 1139 per-

239 1146 326 1200 spici
359 1148 508 1202 potest,
556 1150 654 1201 quod
696 1161 784 1188 cum
818 1158 975 1199 argento
1003 1147 1041 1186 in
1077 1160 1252 1188 corneam
1304 1149 1535 1189 substantiam

240 1209 356 1250 fusum
391 1221 430 1250 et
462 1210 700 1252 sublimatum
737 1210 933 1250 materiam
971 1209 1146 1249 exhibeat
1190 1211 1415 1251 vencnofiim
1438 1244 1449 1263 ,
1496 1220 1534 1251 et

237 1284 314 1326 quo
343 1273 387 1312 ad
418 1272 582 1314 formam
615 1285 810 1313 externam
830 1304 840 1323 ,
892 1271 1055 1311 arsenico
1103 1284 1178 1312 non
1221 1273 1444 1313 absimilem.

352 1335 385 1383 ξ.
409 1348 483 1386 23.
520 1336 608 1377 Nec
640 1347 752 1389 parua
784 1333 934 1387 suspicio
966 1334 1018 1373 est
1050 1334 1165 1373 etiam
1199 1336 1337 1388 argenti
1370 1345 1408 1374 et
1428 1336 1535 1388 cupri

235 1395 424 1450 phlogisto
451 1398 641 1439 arsenicale
667 1397 813 1450 aliquod
841 1395 1020 1435 miscibile
1038 1395 1223 1448 inherere,
1249 1409 1336 1437 cum
1381 1408 1532 1439 Vtrum-

236 1471 307 1512 que
348 1458 485 1512 fitepins
536 1473 622 1501 cum
654 1459 811 1501 arsenico
846 1470 896 1497 ex
932 1468 1028 1499 terra
1064 1469 1221 1499 eruatur.
1281 1459 1387 1499 Vena
1423 1462 1530 1514 cupri

234 1521 455 1573 arsenical⁷5‚
501 1524 646 1577 quando
683 1524 720 1562 in
758 1520 928 1561 cumulos
960 1522 1128 1573 congesta
1156 1523 1243 1574 igne
1259 1534 1326 1575 per
1360 1525 1530 1564 mensem

236 1593 277 1624 et
323 1585 486 1638 amplius
550 1595 710 1625 torretur
750 1593 789 1623 et
828 1583 873 1622 ad
924 1582 1101 1623 fusionem
1171 1594 1439 1637 praeparatur,
1491 1587 1530 1627 in

235 1645 430 1687 filamenta
476 1659 613 1700 cuprea
663 1645 906 1700 splendiffima
940 1656 980 1685 et
1011 1645 1190 1686 coloribus
1241 1647 1339 1687 iridis
1369 1647 1532 1688 ludentia

234 1708 412 1748 excrescit
430 1741 441 1760 ,
471 1722 564 1762 quae
595 1710 692 1750 adeo
722 1719 884 1761 congrue
914 1710 1024 1747 arbor
1053 1710 1195 1748 veneris
1211 1708 1345 1748 salutari
1367 1709 1527 1761 possunt.

233 1771 347 1825 Quod
384 1772 497 1811 etiam
539 1785 628 1812 cum
660 1773 805 1812 minera
855 1770 997 1823 argenti
1046 1771 1185 1821 rubea,
1236 1762 1528 1830 ffiotbgfistien

230 1827 333 1891 &1⁹ss
350 1864 367 1890 t
400 1834 526 1885 dieta,
571 1834 711 1874 factum
745 1831 843 1885 apud
883 1831 967 1871 Cel.
1011 1832 1237 1874 Henkelium
1258 1863 1269 1882 ,
1304 1835 1430 1873 videre
1456 1836 1530 1875 mi·

231 1894 272 1936 hi
303 1896 494 1949 aliquoties
524 1896 639 1936 licuit.
704 1895 858 1948 Nempe
889 1894 1048 1935 laudatus
1076 1895 1224 1935 Austor
1269 1895 1409 1936 dietam
1448 1897 1530 1950 gle-

1436 1961 1442 1988 l
1461 1972 1525 1999 arn

309 2033 350 2070 θ’)
371 2035 435 2065 Pott
458 2036 486 2065 in
509 2034 610 2069 differt.
630 2033 664 2065 de
684 2033 765 2065 Anae.
788 2033 989 2072 Auripigmenti
1010 2033 1039 2069 §.
1070 2039 1113 2072 13·
