2020 2668
695 115 910 179 *fflgfiffiss*
1368 135 1456 178 207

275 227 390 290 DE
452 227 790 291 PITVITA
852 229 1326 293 GLVTINOSA

586 313 1001 374 LARYNGIS.

702 397 895 430 averem:

602 454 700 510 Icfia
749 454 815 497 W
809 453 1004 498 eitorecht.

741 582 776 634 §—
817 595 855 623 1.

144 668 398 786 Interiorem
436 678 509 720 oris
539 680 738 722 cauitatem
761 713 772 733 ,
812 680 996 722 labiorum
1016 713 1028 734 ,
1077 679 1222 735 linguae
1240 715 1252 736 ,
1302 683 1457 741 palatij

226 744 413 797 pharingis
434 774 445 793 ,
479 743 638 796 laryngis
671 742 901 796 superficiem
922 776 933 792 ,
965 745 1170 786 innumeris
1207 749 1454 791 emunctoriis

145 805 280 847 scatere
298 839 309 858 ,
342 807 468 859 quibus
486 804 663 845 humores
696 809 802 845 vario
833 805 959 846 habitu
990 808 1129 846 excreti
1161 810 1302 849 mistim
1333 811 1370 850 in
1387 824 1456 852 ore

145 869 379 922 deponuntur
397 899 409 919 ,
440 879 519 906 non
552 868 673 908 modo
704 880 771 920 per
804 869 1100 907 anatomicorum
1134 868 1299 911 scrutinia
1320 874 1453 915 edocti

143 929 292 982 sumus,
323 931 379 970 sed
413 939 452 969 et
479 930 703 981 experientia
735 928 809 982 ipfa
842 928 1063 971 sufficienter
1093 933 1332 985 comprobat.
1385 936 1451 976 In-

143 1001 202 1033 ter
231 992 302 1033 hos
330 991 508 1033 humores
539 991 702 1034 multum
736 993 831 1031 inter
865 992 899 1033 se
931 993 1063 1033 diuisos
1093 992 1278 1048 fingularis
1329 997 1452 1052 aliqua

142 1055 298 1097 materia
331 1068 398 1109 per
429 1053 608 1094 screatum
642 1066 692 1094 ex
711 1054 870 1095 faucibus
902 1056 1001 1097 reiici
1033 1055 1122 1096 solet
1140 1090 1151 1109 ,
1183 1071 1276 1108 quae
1309 1071 1378 1102 nec
1396 1061 1454 1102 fi.

142 1119 216 1161 lina
235 1150 247 1170 ,
278 1130 347 1159 nec
380 1130 509 1158 mucus
548 1117 801 1170 glandularum
851 1119 993 1171 palati,
1042 1128 1106 1158 aut
1153 1123 1298 1162 narium
1318 1151 1331 1172 ‚
1381 1136 1454 1166 nec

144 1183 300 1235 denique
319 1193 388 1235 pus
412 1180 487 1220 dici
520 1179 669 1233 potest,
701 1181 761 1220 sed
802 1194 895 1234 quae
929 1182 975 1220 ab
1009 1180 1066 1221 his
1096 1184 1301 1235 omnibus,
1333 1186 1458 1229 consr-

144 1245 273 1285 stentia
304 1254 343 1284 et
375 1252 502 1283 natura
535 1242 591 1283 sua
610 1275 622 1293 ,
664 1242 818 1293 colore,
852 1253 891 1283 et
930 1245 1072 1296 origine
1122 1246 1379 1300 distinguitur,
1411 1258 1453 1291 et

142 1307 232 1349 h·nc
263 1305 458 1360 specialem
489 1306 651 1358 aliquam
683 1306 1019 1347 considerationem
1052 1319 1218 1350 meretur
1236 1341 1248 1362 ‚
1280 1322 1393 1365 quam
1409 1313 1454 1356 in

143 1370 220 1413 hoc
252 1367 388 1425 scripto
417 1369 659 1410 instituemus.

259 1496 283 1545 §
319 1506 359 1535 2.
392 1493 460 1536 Est
491 1502 619 1534 autem
650 1495 805 1537 materia
835 1495 898 1536 ista
929 1494 1113 1550 singularis
1146 1497 1280 1552 pituita
1329 1499 1449 1556 aliqua

141 1559 299 1602 albicans
317 1591 328 1610 ,
377 1556 522 1598 summe
571 1567 686 1598 tenax
719 1569 759 1597 et
800 1558 977 1612 glutinofa
998 1591 1008 1610 ‚
1058 1573 1124 1612 per
1178 1562 1356 1603 screatum
1407 1566 1448 1606 in

144 1622 300 1665 maffim
351 1620 496 1673 spiflam
544 1629 584 1659 et
631 1621 920 1673 quodammodo
973 1623 1234 1664 consistentem
1275 1626 1447 1672 collecta.

144 1686 249 1728 Haec
280 1684 411 1737 pituita
431 1714 442 1733 ,
472 1682 620 1735 quando
649 1683 755 1724 simul
786 1696 873 1724 cum
907 1683 1110 1725 sufficiente
1156 1685 1282 1727 saliuae
1329 1691 1448 1734 tenuis

143 1748 349 1803 quantitate
379 1746 613 1794 excernitur,
643 1746 681 1784 in
712 1757 829 1786 vnum
863 1747 961 1800 quasi
994 1748 1255 1800 glomeramen
1303 1764 1446 1794 conuo-

143 1812 220 1853 luta
254 1809 309 1849 illi
341 1810 514 1859 innatat,
544 1819 611 1848 nec
642 1820 730 1848 cum
762 1821 804 1849 ea
837 1810 1115 1850 commiscetur.
1179 1813 1270 1869 Quo
1317 1817 1445 1868 purior

145 1874 227 1925 est,
257 1871 348 1923 vel,
379 1883 454 1924 quo
485 1872 605 1911 minus
638 1869 766 1911 saliuae
798 1882 861 1912 aut
893 1874 994 1913 muci
1027 1875 1172 1914 narium
1208 1876 1362 1929 palatine
1379 1881 1441 1921 ad-

148 1936 302 1978 mistum
332 1934 473 1983 habet,
503 1946 552 1974 eo
583 1935 748 1974 tenacior
778 1936 829 1976 est
848 1968 859 1986 ‚
894 1937 943 1976 ita
979 1946 1023 1975 vt
1057 1950 1134 1977 non
1154 1937 1268 1980 (olum
1290 1940 1442 1986 internis

145 1999 308 2041 faucium
341 1997 539 2050 parietibus
568 1996 626 2037 sed
657 2007 697 2037 et
727 2007 902 2038 externae
934 2000 1008 2039 cuti
1036 2001 1209 2053 adplicita
1246 2012 1439 2056 tamquam

146 2061 273 2117 gluten
304 2060 537 2117 pertinaciter
553 2060 777 2114 adhaereat,
809 2071 847 2101 et
864 2062 1005 2104 nonnisi
1035 2064 1219 2106 mediante
1251 2066 1356 2107 saliua
1376 2071 1441 2109 ab·

1351 2132 1437 2173 ster·
