2020 2668
493 98 657 142 NVMI
687 92 1041 141 ILLVSTRATI.
1184 124 1187 127 .
1389 101 1476 147 345

178 213 369 266 diligenter
401 211 608 264 designatos
627 244 636 262 ‚
670 210 902 250 exhibemus.
984 206 1275 250 Numismatum
1315 204 1373 245 his
1405 217 1474 244 no-

178 277 338 315 minibus
369 273 624 326 inscriptorum
677 274 838 313 indicem
873 272 935 310 dat
968 270 1226 310 celeberrimus
1273 265 1476 309 ANSEL-

179 337 292 378 MVS
328 335 650 377 BANDVRIVS
684 337 721 374 in
755 336 961 374 numimmt.
996 336 1080 386 imp.
1116 333 1218 372 Rom.
1251 336 1334 370 tom.
1357 330 1410 370 ΙΙ.
1430 338 1471 384 p.

184 404 281 448 146.
317 401 526 452 ibidemque
558 399 630 438 aeri
661 396 811 437 incisum
847 409 966 435 vnum
1001 395 1168 434 exhibet.
1232 396 1334 434 Ante
1360 392 1475 445 ipsum

177 463 333 515 singulos
363 471 470 514 typos
501 461 679 500 dederunt
711 456 963 500 BEGERVS
995 455 1087 509 thes
1136 456 1343 496 Brandenb.
1391 454 1474 495 Vol.

177 525 234 566 ΙΙ.
267 533 303 578 p.
338 534 436 571 790.
489 520 886 564 MEDIOBARBVS
917 529 958 576 p.
995 534 1099 572 444.
1142 530 1181 559 et
1231 517 1469 559 PATINVS

175 589 263 640 imp.
301 588 404 627 Rom.
436 588 597 626 numism.
638 597 687 626 ex
718 598 806 626 aere
836 592 877 638 p.
977 584 1129 624 Alibiue
1179 583 1344 634 prostent
1383 581 1473 632 alii,

176 649 272 689 mihi
307 661 382 688 non
414 650 653 701 exploratum
697 648 775 688 est:
826 657 925 686 certe
959 646 998 686 in
1029 645 1249 700 supellestile
1296 644 1472 696 libraria,

174 724 268 765 quae
300 713 344 752 ad
377 724 505 751 manus
537 711 589 750 est
608 743 618 762 ,
652 710 793 751 nullum
827 710 992 749 inuenio.

289 774 372 814 Iam
406 785 497 813 vero
526 773 674 826 insignis
703 772 873 812 exoritur
905 772 1085 812 dubitatio
1106 804 1116 823 ,
1148 783 1262 824 quum
1297 767 1473 810 GALE-

175 835 308 878 RIAE
340 835 623 878 VALERIAE
657 836 763 874 binae
796 835 982 887 Augustae
1012 835 1146 873 eodem
1180 833 1254 872 fere
1296 843 1471 885 tempore

172 900 361 949 vixerint,
392 900 460 937 vtri
494 911 621 938 earum
657 898 696 937 hi
730 899 833 936 numi
865 898 1025 937 debeant
1058 897 1193 935 tribui:
1229 905 1292 945 et,
1321 895 1347 934 si
1367 903 1471 933 vtra-

174 973 242 1012 que
275 960 409 1012 {ignata
440 959 535 1010 fuit,
569 961 695 1012 quibus
744 960 840 997 notis
886 959 1100 1010 dignoscere
1133 969 1194 996 eas
1240 956 1373 1007 liceat,
1425 964 1470 995 vt

169 1021 272 1062 filum
304 1024 432 1075 cuique
464 1022 607 1062 vultum
630 1051 642 1071 ,
676 1020 851 1073 suumque
884 1029 1179 1060 monumentum
1222 1019 1465 1072 adsignemus,

171 1084 322 1125 Scilicet
354 1097 469 1125 vnam
504 1084 565 1124 M.
599 1085 693 1124 Aur.
727 1083 814 1123 Val.
847 1084 1118 1133 Maximiano,
1160 1095 1274 1135 quem
1324 1081 1470 1120 Hercu-

170 1148 270 1188 leum
304 1158 466 1198 vocant,
497 1147 697 1199 coniugem
732 1147 831 1185 fuiffe
863 1145 1022 1185 scribunt
1063 1143 1201 1184 Comes
1251 1143 1468 1184 Mediobar-

171 1211 236 1249 bus
268 1218 305 1248 et
337 1209 476 1248 illustris
511 1209 637 1249 Abbas
666 1207 893 1259 Bandurius,
946 1208 1010 1260 qui
1049 1207 1156 1247 simul
1189 1207 1289 1246 addit
1308 1238 1318 1256 ,
1369 1205 1469 1246 fuisse

171 1274 331 1311 eandem
365 1281 527 1311 matrem
560 1270 776 1321 Maxentii,
811 1272 870 1323 qui
901 1271 1026 1323 postea
1058 1269 1241 1321 Augustus
1282 1269 1377 1320 suit,
1427 1277 1467 1308 et

172 1335 351 1383 Faustae,
392 1346 484 1386 quae
536 1331 782 1372 Constantino
827 1335 966 1372 coniux
1017 1332 1166 1383 obtigit.
1237 1331 1397 1371 Patriam
1431 1331 1468 1371 ei

170 1397 317 1449 Syriam
352 1409 487 1435 omnes
537 1397 752 1447 adiungunt.
834 1396 1035 1450 Quumque
1066 1395 1095 1434 is
1127 1393 1339 1446 Augustus,
1390 1405 1466 1446 quo

129 1508 132 1512 .
170 1460 308 1500 marito
338 1457 399 1498 vsa
428 1459 487 1498 illa
521 1459 573 1499 est
592 1490 602 1508 ,
636 1457 840 1510 imperium
876 1458 977 1497 annis
1008 1459 1082 1497 fere
1114 1457 1247 1509 viginti
1277 1458 1466 1510 tenuerit·⁷

171 1535 233 1562 cur
266 1523 302 1561 in
336 1530 435 1560 tanta
469 1523 561 1561 acris
592 1520 652 1560 suo
681 1521 839 1560 nomine
870 1520 994 1572 signati
1030 1520 1141 1573 copia
1189 1531 1350 1559 vxorem
1387 1531 1465 1558 non

169 1586 283 1624 etiam
316 1584 490 1624 curunerit
520 1581 767 1636 signandum?
801 1583 918 1622 Porro
950 1584 1062 1622 eriam
1085 1612 1095 1632 ,
1128 1595 1242 1635 quum
1278 1582 1307 1620 is
1332 1581 1465 1633 Augu-

169 1648 237 1687 stus
268 1648 305 1685 in
336 1644 457 1686 Gallia
489 1656 525 1685 et
558 1644 759 1686 Germania
796 1645 1025 1699 potissimum
1060 1658 1114 1684 res
1153 1643 1327 1697 gefferit3
1368 1655 1463 1683 vero

170 1711 300 1761 vtique
352 1709 465 1749 simile
499 1709 570 1759 est,
614 1709 723 1759 illos,
758 1709 781 1748 fi
814 1721 904 1762 quos
936 1709 973 1746 in
1009 1708 1239 1747 memoriam
1289 1704 1461 1747 Galeriae

167 1773 334 1812 Valeriae
367 1771 444 1811 sune
474 1773 659 1811 cudendos
689 1773 858 1821 curauit,
891 1769 1028 1810 filcilius
1061 1767 1212 1822 potuisle
1243 1769 1281 1808 in
1315 1769 1462 1808 histra-

169 1835 287 1875 esibus
320 1833 519 1886 superesse,
570 1846 679 1885 quam
724 1834 898 1883 alterius,
949 1833 994 1871 de
1026 1846 1093 1884 qna
1137 1843 1231 1871 mox
1279 1833 1460 1871 dicemus.

262 1896 332 1936 Sed
353 1897 462 1936 altem
491 1894 640 1935 Galeria
662 1896 805 1935 Valeria
829 1923 838 1943 ,
862 1908 952 1947 quae
976 1894 1198 1934 Diocletiani
1217 1894 1370 1947 Augusti
1391 1893 1466 1934 filia

168 1969 205 1997 ct
236 1959 371 1998 coniux
403 1956 541 1997 Galerii
574 1958 711 1997 Valerii
748 1957 967 1997 Maximiani
999 1958 1092 2008 fuit,
1143 1957 1302 1996 auctoris
1350 1956 1463 1997 libelli

169 2023 215 2060 de
249 2022 426 2060 mortibus
459 2021 727 2073 perlecutorum
762 2021 891 2073 elogio
924 2021 1102 2073 cognita,
1152 2019 1371 2074 consequuta
1413 2019 1465 2059 est

233 2084 331 2124 Tom.
367 2081 485 2125 XIV.
808 2086 851 2125 X
885 2095 910 2122 x
1416 2089 1460 2120 vt
