2020 2668
453 104 594 148 SEC'V
592 105 644 147 M
679 104 919 148 PERMIX
925 103 1080 149 TORV
1083 104 1145 145 M.
1392 105 1448 141 26
1459 115 1472 140 x

292 218 326 267 §.
347 230 386 268 9.
422 217 570 258 Pondus
601 218 736 258 frustuli
769 219 868 258 aurei
900 228 976 258 erat
1011 219 1048 256 in
1082 217 1168 254 ae're
1207 217 1308 263 2082
1351 225 1406 265 gr.
1445 214 1671 264 infflpfflmi,

177 291 270 336 aqua
302 293 395 321 vero
432 292 516 329 197
549 293 605 334 gr.
637 283 734 321 vnde
765 282 842 320 eius
873 281 1024 322 densitas
1060 290 1113 325 17
1136 311 1146 330 ‚
1187 280 1289 325 766.
1353 276 1482 315 Plum-
1533 269 1648 304 0⁶⁰³·

179 346 216 385 bi
249 346 394 398 pondus
443 353 522 384 erat
571 344 611 383 in
643 346 728 384 aere
772 350 875 394 278}
909 357 964 397 gt.
999 344 1036 383 in
1070 354 1159 394 aqna
1194 354 1216 378 2
1227 346 1303 390 53}
1323 372 1333 390 ,
1384 340 1482 379 vnde

180 409 255 448 eius
286 407 438 447 densitas
476 419 524 444 11
549 438 561 458 ‚
596 417 699 458 357,
762 407 928 447 Mixtum
961 407 1099 446 exinde
1134 414 1216 444 orta
1250 414 1325 443 erat
1372 402 1482 454 fragi-

181 471 222 510 lis
241 503 251 522 ‚
281 469 418 510 coloris
449 467 535 509 fusci
555 500 566 520 ‚
600 480 642 510 et
672 470 857 524 plumbeo
897 470 1124 522 aliquantum
1177 466 1374 519 nigrioriS,
1426 464 1484 504 sed

182 534 354 586 ponderis
383 535 469 582 478
504 540 560 586 gr.
594 532 691 573 vnde
721 533 1005 573 decrementum
1038 531 1212 584 ponderis
1244 530 1339 583 passa
1373 527 1438 567 fuit
1459 540 1484 575 9

181 608 237 648 gr.
272 603 384 646 quam
415 607 503 635 cum
537 596 576 635 in
606 595 682 636 duo
713 604 856 635 tantum
888 595 993 636 frusta
1041 595 1214 634 dissecare
1262 591 1455 632 voluissem
1477 622 1486 640 ,

181 657 329 699 dissiluit
360 658 397 698 in
429 658 528 711 plum
547 690 559 709 ,
592 660 788 711 praecipue
821 670 915 698 vero
945 659 981 697 in
1016 657 1091 697 duo
1125 656 1270 708 reliquis
1310 657 1454 694 maiora
1476 685 1486 704 ‚

181 733 341 774 quorum
375 733 496 761 vnum
529 721 675 776 pondus
706 720 854 761 tenebat
896 721 933 760 in
976 723 1060 760 ae're
1097 723 1199 768 200}
1232 731 1286 770 gr.
1324 719 1362 756 in
1396 729 1488 769 aqua

188 787 275 825 186
305 795 361 836 gr.
394 784 495 823 vnde
528 784 640 824 mixti
672 783 825 824 densitas
862 795 913 833 13
937 815 947 833 ,
981 786 1104 834 6103
1155 781 1300 820 alterius
1350 780 1492 832 pondus

183 848 221 887 in
253 848 339 887 ae‘re
369 856 448 886 erat
483 857 566 884 102
599 858 664 899 gr.·
693 847 731 885 in
764 858 855 899 aqua
889 850 964 895 942
995 857 1051 897 gr.
1083 844 1183 884 vnde
1215 842 1320 881 huius
1337 842 1490 881 densitas

188 922 239 959 13
264 941 275 960 ‚
309 912 432 961 6003
465 919 515 947 ex
547 909 676 961 quibus
706 908 891 948 concludo
925 907 1114 947 mixturae
1145 904 1366 945 densitatem
1408 915 1490 943 me-

183 972 284 1011 diam
323 980 372 1017 13
394 1001 405 1021 ,
438 973 527 1018 605
565 982 634 1023 per
663 971 954 1023 experimenta;
997 967 1241 1022 praedicenda
1291 976 1415 1006 nutem
1448 977 1491 1005 ea

183 1033 297 1074 fuisset
335 1044 385 1083 13
408 1065 420 1085 ,
453 1045 578 1086 4343
611 1046 722 1088 quare
756 1033 847 1073 haec
878 1034 953 1074 duo
986 1033 1136 1073 metalla
1167 1029 1290 1070 secum
1325 1031 1493 1083 permix-

183 1107 221 1137 ta
254 1097 439 1136 maiorem
473 1096 661 1149 acquirunt
691 1096 907 1138 densitatem
929 1127 940 1147 ,
983 1108 1094 1149 quam
1125 1093 1271 1147 regulae
1304 1102 1343 1133 et
1378 1092 1492 1133 theo-

185 1160 240 1200 ria
269 1159 409 1200 iubent.

301 1222 336 1270 ξ.
363 1234 432 1261 10.
466 1220 610 1262 Pondus
640 1221 775 1262 frustuli
805 1221 901 1262 aurei
933 1230 1013 1262 erat
1042 1222 1080 1262 in
1111 1222 1197 1260 ae're
1236 1224 1340 1269 189}
1373 1231 1429 1272 gr.
1458 1220 1494 1260 in
1506 1239 1608 1276 fimf,
1630 1237 1668 1265 ιι,

188 1297 280 1339 aqua
311 1297 407 1324 vero
443 1290 545 1336 179}
576 1297 633 1338 gr.
669 1284 742 1325 siue
773 1285 930 1325 densitas
963 1291 1015 1326 18
1039 1316 1050 1336 ,
1084 1294 1169 1333 975
1196 1297 1207 1336 ς,
1257 1283 1401 1336 pondus
1432 1295 1496 1323 au-
1546 1279 1670 1318 OttC

188 1359 268 1390 tem
303 1347 437 1388 frustuli
481 1348 646 1401 argentei
677 1347 717 1388 in
749 1349 838 1389 ae‘re
874 1354 977 1398 273}
1007 1360 1063 1400 gr.
1099 1348 1137 1386 in
1170 1358 1262 1399 aqua
1299 1351 1405 1395 247}
1437 1358 1492 1399 gr.

188 1420 228 1452 et
259 1411 411 1452 densitas
447 1422 500 1450 10
521 1442 533 1462 ,
566 1416 669 1459 528.
752 1410 855 1451 Haec
903 1410 1084 1451 dederunt
1128 1410 1335 1449 mixturam
1385 1409 1496 1462 plane

190 1474 384 1515 candidam
405 1506 416 1526 ‚
448 1486 522 1527 pro
552 1482 706 1527 argento
739 1473 951 1514 habendam
971 1506 982 1525 ,
1015 1472 1080 1513 nisi
1112 1471 1257 1526 pondus
1274 1471 1496 1525 obstitisiet3

192 1537 299 1577 huius
331 1536 476 1590 pondus
522 1545 598 1575 erat
631 1537 669 1577 in
705 1538 792 1577 ae‘re
823 1539 930 1587 460}
961 1549 1017 1589 gr.
1052 1537 1091 1576 in
1121 1548 1212 1589 aqua
1247 1544 1334 1585 425
1371 1547 1426 1588 gr.
1461 1545 1499 1576 et

192 1599 343 1641 densitas
388 1611 441 1638 12
462 1631 474 1651 ,
511 1604 596 1641 888
618 1631 630 1651 ,
661 1612 753 1654 quae
784 1612 853 1653 per
884 1599 1071 1640 theoriam
1122 1598 1299 1638 debuisset
1317 1598 1389 1637 effe
1413 1609 1465 1635 12
1486 1630 1496 1650 ‚

199 1669 281 1712 875
305 1694 316 1714 ,
347 1663 635 1703 decrementum
690 1662 865 1716 ponderis
895 1663 940 1717 1ηι
966 1663 1096 1702 mixto
1126 1662 1177 1701 est
1212 1667 1256 1711 εξ
1288 1673 1344 1714 gr.
1394 1661 1498 1701 Patet

194 1737 286 1778 ergo
305 1756 316 1776 ‚
347 1733 530 1778 quantum
561 1736 613 1764 ex
643 1723 700 1765 his
731 1725 909 1778 colligere
940 1726 1026 1765 licet
1044 1757 1055 1776 ,
1087 1736 1216 1764 aurum
1250 1733 1288 1763 et
1306 1734 1496 1777 argentum

194 1790 288 1828 intet
319 1787 352 1826 ste
386 1787 574 1840 permixta
605 1787 821 1828 densitatem
851 1800 983 1840 augere
1004 1820 1014 1838 ,
1047 1786 1104 1828 sed
1138 1788 1230 1827 adeo
1264 1799 1395 1839 parum
1420 1800 1431 1839 3
1458 1796 1500 1826 vt

195 1850 400 1891 differentia
433 1848 570 1902 negligi
600 1849 722 1903 possit.
788 1849 925 1903 Neque
957 1851 1054 1890 adeo
1087 1849 1324 1892 Archimedes
1359 1850 1500 1890 sensibi-

196 1914 280 1954 liter
312 1924 429 1953 errare
462 1912 586 1965 potuit
605 1945 616 1964 ‚
647 1914 738 1954 dum
771 1924 820 1952 ex
853 1913 957 1953 huius
989 1913 1174 1966 vtriusque
1213 1912 1358 1953 metalli
1398 1914 1502 1953 colli-

196 1975 354 2029 quefadti
384 1975 581 2028 explorata
612 1975 789 2019 densitate
820 1976 999 2019 conclusit
1014 1977 1061 2018 ad
1081 1978 1266 2031 Vtriusque
1292 1975 1502 2030 ingredien-

199 2039 297 2080 tium
328 2039 508 2094 pondera.

760 2101 796 2145 Κ
831 2101 858 2147 k
891 2112 915 2151 3
1374 2102 1503 2150 §.11.
