2020 2668
190 100 277 147 DE
292 98 416 147 CAL.
435 97 512 145 Ac
529 96 673 158 FRIG.
692 93 908 144 EXPER.
927 94 1096 141 VARJA
1121 95 1328 142 FACTA.
1398 104 1488 149 223

190 214 339 255 vasculo
366 212 484 255 adhuc
512 212 739 255 altitudinem
776 220 796 260 ς
805 224 845 261 9.
868 219 965 265 part.
1000 218 1039 251 et
1069 209 1218 264 pondus
1258 216 1403 261 2244.
1431 221 1491 264 gr.

189 278 288 317 vnde
322 276 402 316 fitis
433 286 536 329 patet
555 307 566 327 ,
610 274 682 314 fere
713 272 809 315 nihil
847 274 942 314 niuis
972 273 1125 314 durante
1166 272 1390 326 regelatione
1422 284 1492 326 per

189 340 494 393 enaporationem
524 335 682 390 abiisse·⁷
712 344 821 390 atque
852 334 940 376 hinc
973 335 1163 376 deducitur
1185 336 1367 376 volumen
1399 336 1494 376 niuis

188 401 416 454 compressae
447 401 493 441 ad
526 399 705 440 volumen
746 411 858 452 aquae
895 398 983 439 inde
1016 408 1171 438 exortae
1214 398 1285 438 esse
1318 400 1376 438 vti
1411 411 1487 449 93.

190 465 236 504 ad
274 476 359 514 59,
392 464 466 503 hoc
495 463 545 503 est
576 463 631 502 vti
669 472 798 502 1000.
832 461 877 501 ad
913 464 1020 512 634.
1091 461 1187 502 Alio
1225 471 1400 514 tempore
1426 474 1487 501 vm-

190 527 297 566 vibus
325 526 534 566 cadentibus
573 524 729 578 exposui
770 522 957 564 vasculum
998 523 1244 575 cylindricum
1287 534 1458 578 apertum
1478 555 1490 576 ,

189 590 310 629 donec
341 589 454 629 libero
487 589 581 628 niuis
611 587 736 640 illapsu
777 587 853 627 hoc
893 587 1095 640 impletum
1138 587 1253 627 suiffet
1289 589 1336 628 ad
1371 596 1493 640 partes

193 663 315 704 2203
350 651 493 691 niuibus
519 651 624 691 omni
656 652 826 705 cautione
856 650 1023 704 regelatis
1042 682 1054 702 ,
1085 662 1198 703 aquae
1238 650 1377 690 exinde
1410 649 1494 690 col-

186 714 308 768 lectae
340 726 416 753 non
446 714 637 767 replebant
670 713 736 753 nisi
769 722 890 766 partes
927 720 1014 766 803
1065 715 1164 753 vnde
1212 713 1330 753 oritur
1376 712 1487 752 volu-

189 789 277 817 men
310 778 401 817 niuis
430 785 596 816 recenter
627 776 770 828 lapsae,
813 785 851 814 et
891 775 956 815 fibi
996 775 1143 815 reliCtae
1163 806 1173 826 ,
1225 775 1270 815 ad
1312 775 1493 815 volumen

188 850 303 892 aquae
336 851 385 878 ex
418 838 477 878 illa
509 847 733 890 generatae,
766 837 822 876 vti
860 848 959 876 220.
979 837 1024 876 acl
1050 843 1103 878 80
1126 868 1137 887 ,
1169 837 1231 876 vel
1264 839 1319 877 vti
1357 849 1489 877 1000.

187 902 232 941 ad
267 905 372 950 363.
455 900 563 939 Patet
604 912 653 939 ex
687 898 774 949 his,
823 907 956 951 quanta
1006 899 1050 939 sit
1087 897 1294 939 differentia
1334 899 1494 940 raritatis

188 964 285 1003 inter
322 963 449 1002 niuem
490 961 603 1002 libere
642 961 708 1002 fibi
745 960 815 1013 ipsl
852 961 1121 1002 accumulatam
1143 993 1156 1013 ,
1205 970 1244 1000 et
1287 962 1326 1001 vi
1373 961 1492 1015 aliqua

187 1035 342 1065 externa
381 1024 645 1078 compressam.
725 1022 931 1077 Discrepar
969 1036 1063 1064 vero
1110 1034 1310 1078 Vtrumque
1350 1024 1490 1078 horum
1514 1021 1526 1027 ”
1581 1004 1588 1026 ³

187 1088 534 1140 experimentorum
585 1088 631 1127 ab
672 1087 743 1138 iis-3
772 1100 883 1139 'quae
924 1086 1076 1127 instituit
1126 1087 1171 1127 cle
1203 1086 1242 1127 la
1273 1087 1370 1128 Hire
1389 1119 1400 1138 ,
1450 1087 1492 1127 in'

186 1160 438 1192 commentar.
475 1150 577 1190 acad.
612 1150 735 1190 scient.
772 1148 878 1202 paris„
915 1150 961 1190 ad
996 1161 1133 1190 annum
1160 1143 1399 1203 1711‚‘pag.
1419 1154 1491 1201 16,

186 1213 254 1254 vbi
285 1214 419 1254 dicitur
437 1246 448 1264 ,
482 1214 608 1253 niuem
641 1206 1005 1266 fusamplerumque
1036 1212 1070 1252 se
1104 1212 1275 1252 reducere
1308 1213 1354 1252 ad
1385 1213 1492 1265 quin-

188 1284 269 1316 tam
301 1285 363 1315 aut
394 1275 533 1315 sextam
570 1286 719 1330 partem
755 1276 889 1328 prioris
921 1275 1000 1315 suae
1032 1275 1229 1316 altitudinis
1248 1288 1261 1328 3
1280 1286 1488 1330 quanquam

188 1339 330 1379 ibidem
373 1340 486 1379 etiam
529 1338 652 1379 sermo
690 1338 731 1378 fit
771 1339 818 1378 de
860 1338 943 1378 niue
986 1338 1092 1378 valde
1123 1337 1282 1378 delicata
1316 1346 1354 1377 et
1387 1337 1492 1381 tenni

189 1402 259 1442 alia
279 1434 289 1452 ,
320 1414 410 1454 quae
429 1433 440 1451 ,
474 1401 588 1441 libere
619 1399 746 1454 Ιτιρίῖι,7
778 1401 823 1441 ad
854 1402 1122 1441 duodecimam
1157 1400 1292 1454 prioris
1326 1399 1405 1440 suae
1435 1400 1493 1453 al-

189 1464 351 1504 titudinis
381 1473 528 1517 partem
551 1496 562 1515 ,
612 1463 650 1503 in
691 1475 798 1516 aquas
834 1463 905 1504 fula
925 1495 936 1515 ,
983 1464 1100 1503 rediit.
1186 1462 1323 1516 Neque
1370 1463 1490 1503 eti-am

188 1526 416 1568 consentiunt
458 1525 549 1566 haec
591 1538 677 1567 mea
706 1527 962 1578 experimenta
993 1539 1080 1566 cum
1114 1523 1210 1578 illis,
1249 1537 1340 1579 quae
1372 1534 1502 1566 anno-v

190 1591 282 1630 tauir
324 1589 498 1630 celeberr.
541 1588 706 1644 Celfius,
754 1589 792 1629 in
830 1589 921 1629 actis
953 1589 1006 1629 lit.
1042 1587 1194 1629 Sueciae
1215 1620 1226 1639 ‚
1267 1589 1313 1628 ad
1347 1582 1488 1629 annum

194 1662 322 1700 1731.
355 1664 441 1705 pag.
460 1664 516 1698 42
538 1684 549 1703 ‚
581 1652 647 1692 vbi
677 1652 722 1691 ab
751 1651 830 1706 ipso
860 1653 1055 1691 volumina
1088 1653 1180 1691 niuis
1211 1651 1357 1692 summe
1376 1650 1510 1691 comi*

190 1715 327 1769 pressae
374 1723 412 1753 et
459 1726 572 1767 aquae
630 1715 766 1756 exinde
808 1714 989 1754 collestae
1039 1723 1181 1767 reperta
1232 1713 1376 1754 fiierunt
1423 1714 1488 1756 *vti

195 1789 325 1816 1000.
360 1777 405 1816 ad
439 1788 526 1826 290
547 1810 558 1828 ‚
590 1787 653 1817 aut
683 1778 729 1818 ad
765 1780 849 1827 362
875 1789 886 1828 ;
919 1777 1011 1816 niuis
1042 1787 1167 1817 antem
1202 1777 1399 1828 naturalis,
1419 1776 1488 1818 fibi

188 1840 335 1881 relietae
384 1840 429 1880 ad
478 1851 591 1894 aquae
628 1840 764 1880 exinde
797 1849 1023 1897 generatae3
1068 1841 1120 1879 vti
1160 1851 1287 1878 1000.
1327 1840 1371 1879 ad
1410 1842 1493 1888 85.·

189 1902 252 1943 vel
285 1916 358 1953 94.
422 1902 486 1944 Ex
517 1902 644 1956 quibus
675 1903 820 1943 videtur
851 1902 1021 1943 concludi
1054 1900 1158 1956 poffe
1179 1934 1190 1949 ‚
1232 1901 1486 1956 paucissimas,

190 1974 250 2004 ant
291 1965 406 2007 forfirn
455 1965 568 2008 nullas
607 1966 759 2008 inueniri
799 1966 898 2007 niues
913 1998 924 2018 ‚
967 1977 1061 2020 quae
1099 1967 1260 2008 eandem
1295 1965 1485 2007 raritatem

193 2034 352 2070 teneant.

1382 2088 1421 2141 §-
1440 2098 1486 2147 ⁷2
