2020 2668
188 107 270 150 DE
287 103 413 151 CAL.
432 103 507 150 AC
521 103 677 148 FRIG.
698 104 905 150 EXPER.
928 103 1113 149 VARIA
1128 103 1323 149 FACTA.
1393 119 1474 159 235

187 220 318 260 accidit
355 231 475 274 aquae
500 218 643 272 fluuiae
660 250 671 269 ‚
720 226 758 258 et
817 217 855 258 in
911 217 1049 258 eodem
1087 218 1235 271 quidem
1277 229 1451 272 ternpore
1471 252 1480 269 ,

189 281 249 322 sed
296 282 384 322 haec
425 282 603 335 produxit
639 280 800 334 glaciem
841 281 959 332 magis
989 292 1146 333 opacam
1195 290 1233 320 et
1275 281 1479 334 impuram.

189 343 331 384 Falsum
382 346 487 396 igitur
524 343 593 384 este
633 353 724 396 puto
742 375 753 395 ‚
801 343 901 396 quod
946 343 1062 383 affizrit
1111 340 1378 396 Hartsoekaerus
1397 377 1406 395 ,
1440 346 1476 384 iu

187 406 360 459 phyficae
391 405 470 446 suae
500 418 587 459 pag.
628 416 730 454 150.
767 418 900 458 aquam
947 406 1098 446 costam
1149 408 1251 446 citius
1289 407 1479 459 congelari

188 481 297 521 quam
338 481 414 508 non
460 469 605 508 coctam
627 500 638 519 ,
683 468 734 509 ob
774 469 866 508 {ieris
903 469 941 507 in
982 469 1041 509 illa
1073 468 1306 522 abfizntiam3
1352 468 1476 509 falsum

123 548 125 551 ⁴
188 533 301 570 etiam
335 532 477 571 videtur
494 561 506 581 ‚
535 531 634 584 quod
676 530 837 570 statuitur
884 531 924 571 in
957 530 1167 572 Memoires
1213 533 1261 572 de
1294 531 1477 572 Trcvoux

193 605 321 641 1701.
349 606 401 633 m.
433 592 514 634 Ian.
542 605 628 646 pag.
659 595 734 631 161
765 625 775 643 ‚
820 592 976 645 glaciem
1018 606 1066 634 ex
1095 606 1187 647 aqua
1228 599 1314 634 aere
1347 595 1477 635 orbata

186 656 316 695 tardius
349 654 528 706 formari,
562 668 673 708 quam
706 666 755 694 ex
787 656 982 695 ordinaria.
1045 656 1230 710 Cereug'fia
1259 657 1442 712 domesslca
1463 687 1475 709 ,

185 718 383 756 mediocris
415 718 556 757 virtutis
575 750 585 769 ,
615 716 726 769 glacie
759 717 908 763 obtecta
942 717 1006 758 fuit
1023 719 1107 771 post
1130 732 1167 757 1.
1189 718 1272 758 hor.
1296 732 1319 757 2
1327 720 1473 767 §.mim

183 788 222 818 et
250 781 374 820 vinum
413 780 560 821 rubrum
600 778 775 831 gallicum
804 780 888 831 post
927 792 964 819 1.
991 780 1075 820 hor.
1105 792 1178 830 45.
1198 782 1293 821 min.
1327 790 1477 821 vtrum-

182 854 253 894 que
283 842 344 881 diu
376 851 460 880 ante
492 841 722 893 coagulatum
769 850 844 880 erat
891 841 1001 881 instar
1049 853 1154 881 cerae
1205 842 1365 896 mollis;
1415 843 1476 884 sed

181 904 263 955 post
296 906 338 941 6.
359 902 468 942 horas
498 912 696 955 Vtrumque
725 903 912 955 integrum
944 903 983 942 in
1014 904 1171 955 glaciem
1202 904 1322 943 abiisse
1355 905 1475 945 obier-

178 965 278 1004 vaui.
341 963 503 1017 Spiritus
533 965 611 1005 vini
641 963 803 1016 gallicus
834 966 870 1004 d.
896 974 935 1012 5.
956 965 1065 1005 Febr.
1089 975 1218 1014 1739.
1238 967 1368 1007 duram
1393 968 1471 1020 gla-

177 1027 275 1067 ciem
310 1026 484 1078 induxit,
524 1026 584 1066 sed
620 1035 770 1066 tenuem
788 1060 799 1079 ,
841 1026 1078 1068 condenfiitus
1118 1028 1210 1068 infra
1230 1061 1241 1079 ,
1292 1030 1375 1082 post
1405 1030 1473 1070 ali-

178 1098 272 1141 quot
303 1088 480 1130 horarum
519 1088 676 1142 spatium
698 1119 710 1139 ,
761 1090 801 1129 in
840 1088 972 1142 frigore
1009 1091 1101 1131 aeris
1134 1091 1238 1130 liberi
1274 1104 1344 1141 14.
1368 1094 1472 1146 grad.

178 1150 270 1191 infra
289 1164 330 1190 0.
397 1152 489 1191 Alio
520 1160 693 1203 ternpore
725 1163 857 1204 aquam
889 1151 1040 1192 fluuiam
1075 1152 1258 1193 calentem
1287 1155 1332 1194 ad
1348 1155 1477 1208 gradus

179 1220 253 1263 48.
274 1212 425 1266 exposui
456 1216 529 1254 aeri
561 1213 706 1264 libero,
739 1215 798 1254 sed
835 1215 1026 1254 obtectam
1059 1216 1155 1254 vitro
1189 1216 1354 1268 maiori,
1380 1230 1475 1270 quae

177 1276 334 1315 crustam
367 1285 516 1316 tenuem
548 1275 736 1328 glacialem
770 1279 957 1316 contraxit
989 1277 1072 1329 post
1100 1287 1172 1325 55.
1193 1279 1287 1318 min.
1305 1279 1471 1333 adeoque

178 1339 302 1378 multo
333 1339 486 1389 tardius,
517 1350 628 1391 quam
660 1338 686 1377 si
719 1351 795 1377 non
827 1337 942 1378 fuiss‘et
959 1339 1122 1379 obtecsta.
1203 1339 1296 1380 Alio
1337 1343 1468 1382 iterum

179 1409 375 1453 tempore,
409 1412 484 1454 quo
517 1406 578 1440 aer
609 1400 748 1440 calebat
780 1401 824 1441 ad
844 1401 974 1452 gradus
996 1414 1071 1452 13,
1104 1401 1256 1455 exposui
1281 1403 1315 1443 ci
1334 1415 1470 1456 aquam

176 1461 329 1502 fluuiam
351 1495 361 1513 ,
413 1463 596 1503 calentem
637 1464 683 1503 ad
715 1464 844 1516 gradus
883 1474 938 1512 45
964 1495 974 1514 ,
1023 1476 1114 1517 quae
1154 1464 1237 1517 post
1270 1478 1337 1516 14.
1373 1468 1468 1506 min.

176 1526 274 1564 tenui
306 1526 419 1565 crusta
450 1524 609 1565 obducta
631 1555 643 1575 ,
684 1535 721 1564 et
754 1525 838 1578 post
873 1536 913 1572 3.
944 1525 1050 1566 horas
1091 1536 1162 1575 35.
1192 1527 1287 1567 min.
1331 1529 1472 1582 integra

173 1586 210 1625 in
243 1587 401 1639 glaciem
435 1587 606 1627 conuersa
637 1586 736 1640 fuit3
780 1588 935 1640 aequalis
968 1588 1096 1641 portio
1128 1602 1241 1642 aquae
1277 1591 1440 1630 eiusdem
1462 1625 1474 1643 ‚

175 1657 213 1687 et
245 1661 358 1701 aeque
391 1650 510 1689 calens
530 1681 540 1700 ,
573 1649 630 1689 sed
661 1650 719 1689 cui
753 1649 1007 1702 superassusum
1042 1661 1117 1690 erat
1150 1652 1275 1691 oleum
1305 1653 1406 1692 nucis
1421 1653 1467 1694 ad

175 1709 402 1751 altitudinem
437 1717 453 1760 ξ
487 1710 579 1763 poll.
609 1711 829 1763 conglaciari
863 1714 987 1765 coepit
1020 1713 1103 1766 post
1138 1726 1206 1763 19.
1228 1716 1322 1754 min.
1342 1716 1469 1756 multis

175 1772 287 1825 virgis
326 1783 365 1812 et
403 1773 511 1813 hastis
556 1774 725 1814 deorsum
766 1775 1030 1828 tendentibus·‚
1073 1776 1154 1828 post
1189 1790 1227 1826 3.
1249 1777 1358 1817 horas
1390 1788 1465 1827 35.

175 1835 268 1873 min.
306 1843 385 1875 tota
415 1835 609 1888 congelata
650 1845 727 1876 erat
747 1868 758 1887 ,
805 1837 898 1877 dum
946 1837 1071 1877 oleum
1119 1837 1269 1891 superne
1315 1840 1466 1881 interim

174 1896 292 1935 adhuc
324 1897 410 1936 estet
443 1898 662 1950 pellucidum
696 1907 736 1938 et
768 1898 926 1938 illaesum
969 1900 1075 1952 plane
1113 1913 1134 1940 a
1167 1900 1335 1954 frigore3
1374 1915 1467 1942 con-

173 1958 310 2009 gelatio
342 1961 450 2012 igitur
481 1972 596 2013 aquae
616 1993 626 2011 ,
658 1960 762 2001 dieto
794 1962 882 2001 oleo
911 1961 1107 2015 obtectae,
1139 1965 1274 2004 eodem
1294 1973 1467 2017 tempore

176 2019 363 2062 consecuta
397 2023 447 2064 est
468 2054 479 2074 ,
508 2035 550 2065 ac
581 2023 608 2065 fi
638 2023 750 2064 libera
784 2022 900 2064 fi1iffet
919 2055 931 2076 ‚
972 2037 1041 2067 nec
1080 2038 1146 2082 per
1178 2039 1253 2080 30.
1282 2027 1362 2068 min
1394 2037 1465 2068 tat-

757 2082 797 2127 G
829 2098 855 2140 g
888 2098 914 2126 2
1387 2090 1463 2131 dius
