2020 2668
632 82 772 146 ›2233ae
805 100 833 129 0
915 84 1008 146 egr
1444 98 1531 140 επ

224 194 622 263 DENARIVS
643 195 1131 257 ARGENTEVS
1144 193 1531 257 ARABICVS

702 282 1047 326 EXPLlCATvs

698 409 733 451 1.
769 409 826 451 H.
862 360 1043 452 gabala.

218 529 474 646 Magnam
507 537 605 594 apud
637 538 866 593 philologiae
900 539 1085 581 orientalis
1131 550 1319 582 amatores
1366 540 1525 594 gratiam
1537 562 1608 593 τὼ,
1631 562 1700 594 vn,

368 604 448 643 iniit
480 602 693 643 clariffimus
723 601 959 644 KEHRIVS
979 636 989 655 ,
1025 617 1138 657 quum
1171 614 1255 644 ante
1287 604 1356 644 hos
1389 602 1524 644 XVII.
1578 605 1638 645 ¹²³8·
1662 612 1713 634 υ·

216 679 336 707 annos
366 666 439 706 luci
473 666 640 718 publicae
673 676 882 718 exponeret
913 666 1047 706 decem
1080 677 1117 706 et
1142 667 1239 707 ὀᾶο
1271 679 1408 707 numos
1426 667 1519 707 Ara-

217 728 323 769 bicos
354 727 493 768 vetusta
523 728 695 781 scriptum
728 725 857 768 Cufica
888 729 1076 782 insignitos
1095 761 1106 780 ,
1147 742 1267 783 prope
1318 726 1521 770 Gedanum

214 789 312 832 sorte
343 792 526 832 inuentos.
587 790 684 832 Non
715 792 818 830 enim
850 790 965 832 solum
1005 792 1103 832 istius
1150 793 1344 846 scripturae
1362 824 1374 844 ,
1427 803 1522 845 quae

215 866 295 894 non
328 854 455 894 multis
485 854 582 907 apud
615 865 682 894 nos
715 855 970 895 monumentis
1002 855 1264 907 conseruntur,
1312 854 1523 907 intelligen-

214 917 308 958 tiam
342 916 554 969 planiorem
585 916 774 957 reddidit:
812 928 946 956 verum
977 917 1062 957 illud
1083 918 1254 958 maxime
1280 916 1523 968 consequutus

212 979 297 1030 est,
332 987 372 1018 vt
402 978 467 1031 ipfi
501 979 664 1018 multum
697 978 853 1017 debituri
887 979 955 1018 sint
988 979 1152 1031 posteri,
1185 980 1247 1032 qui
1279 979 1316 1018 in
1341 978 1520 1031 colligen-

211 1041 269 1083 dis
298 1040 422 1082 numis
452 1041 619 1081 Arabicis
637 1072 647 1091 ,
681 1051 888 1095 eorumque
919 1042 1131 1082 adornanda
1164 1041 1251 1081 lerie
1272 1075 1284 1094 ,
1323 1041 1520 1095 aliquando

210 1104 431 1145 collocuturi
463 1103 542 1144 sunt
575 1103 804 1143 industriam.

328 1166 434 1208 Nam
466 1179 580 1220 quum
613 1165 744 1206 seriem
772 1166 1099 1218 imperatoriorum
1127 1179 1332 1207 numorum
1354 1166 1518 1220 plerique

209 1227 380 1270 claudant
408 1242 496 1270 cum
530 1229 732 1279 Heraclio,
764 1228 825 1268 sub
857 1229 956 1268 cuius
989 1231 1152 1283 imperio
1185 1230 1275 1269 deus
1315 1229 1514 1282 permisit,

209 1303 254 1332 vt
285 1292 578 1334 Muhammedes
609 1292 667 1331 sua
700 1293 896 1344 impietate
927 1293 1062 1332 orbern
1098 1292 1309 1333 firlcinaret:
1343 1292 1514 1347 atque-ab

207 1367 256 1396 eo
285 1365 460 1408 tempore
494 1367 627 1407 parum
658 1355 808 1406 elegans
836 1365 875 1394 et
907 1356 1139 1407 praeclarum
1160 1388 1171 1407 ‚
1205 1357 1378 1408 quodque
1406 1355 1513 1395 colli-

206 1419 310 1472 genti
342 1431 522 1471 magnum
554 1429 690 1471 operae
724 1418 884 1469 pretium
919 1410 1080 1469 afferat,
1113 1419 1209 1473 apud
1242 1415 1404 1458 Graecos
1438 1417 1513 1458 La·

207 1481 346 1522 tinosue
378 1490 575 1522 occurrat:
606 1481 814 1520 commode
847 1479 931 1520 sane
960 1482 1121 1532 accidit,
1158 1492 1201 1521 vt
1236 1482 1360 1534 paucis
1377 1481 1422 1521 ab
1441 1481 1511 1521 ini-

204 1544 262 1584 tio
293 1544 578 1585 Muhammedis
609 1543 811 1583 interiectis
840 1544 944 1583 annis
975 1545 1169 1596 prodirent
1202 1544 1283 1583 sane
1323 1545 1427 1583 nitidi
1471 1551 1512 1582 et

201 1608 423 1660 cognitione
453 1607 618 1648 eruditae
650 1605 826 1660 Europae
862 1606 957 1646 haud
993 1607 1134 1660 indigni
1166 1607 1273 1647 numi
1325 1607 1510 1657 Arabici,

203 1682 364 1724 quorum
397 1670 491 1710 forte
523 1671 674 1720 maior,
708 1683 821 1723 quam
855 1669 1044 1720 creditur,
1074 1671 1281 1710 multitudo
1321 1670 1477 1722 prostat.

320 1733 510 1789 Quoniam
543 1742 669 1773 autem
704 1733 869 1786 legendis
899 1732 967 1772 illis
1001 1742 1042 1772 et
1060 1733 1306 1785 intelligendis
1329 1746 1406 1772 non
1425 1733 1509 1772 exi-

202 1807 295 1848 guus
325 1796 405 1836 vsus
434 1796 616 1836 Arabicae
649 1795 794 1848 linguae
825 1795 1040 1835 necessarius
1068 1796 1147 1836 est:
1180 1796 1301 1835 euenit
1333 1794 1407 1836 fere
1427 1826 1437 1846 ‚
1465 1804 1508 1835 vt

201 1871 297 1911 quos
330 1859 446 1898 nullus
479 1859 584 1898 labor
633 1858 782 1911 fatigare
831 1860 955 1914 potuit
985 1859 1023 1898 in
1072 1856 1229 1898 Graecis
1276 1859 1507 1901 Romanisue

203 1920 457 1975 inuestigandis
489 1930 525 1961 et
560 1920 818 1974 perscrutandis
838 1953 849 1973 ,
900 1921 1015 1961 iidem
1049 1922 1095 1962 ab
1133 1921 1190 1962 his
1221 1922 1470 1961 deterreantur
1492 1951 1505 1972 ‚

202 1995 280 2023 non
314 1985 428 2025 solum
460 1984 638 2025 duetuum
659 1984 858 2037 multiplici
878 1986 1054 2025 varietate
1073 2018 1084 2036 ‚
1117 1997 1247 2025 verum
1278 1986 1394 2025 etiam
1416 1984 1505 2023 cha-

200 2046 386 2088 tasterurn
411 2049 570 2089 eandem
589 2047 750 2103 figuram
771 2048 990 2089 habentium
1008 2049 1211 2103 aequiuoco
1239 2055 1279 2087 et
1305 2047 1505 2098 multiplici

1372 2109 1504 2150 valore
