2020 2668
628 106 631 108 ·
694 86 784 134 NV
782 88 905 133 MVS
1403 96 1495 143 369

187 205 275 249 tussi
307 217 439 248 eornm
472 202 620 257 imperii
638 235 648 255 ,
679 202 779 256 quod
816 197 1000 243 beneficio
1031 197 1186 242 Dianae
1211 211 1267 242 ac·
1303 201 1495 257 Apoliinis

186 271 396 310 tribuebant
415 300 426 319 ,
457 268 766 313 admonebantur.
832 265 932 305 Hinc
962 264 1218 304 minotaurum
1251 265 1351 317 apud
1387 265 1493 307 Nea-

187 334 317 386 politas
336 363 346 383 ,
378 341 416 370 et
446 332 539 370 forte
574 331 670 382 apud
703 327 822 381 plures
854 328 1046 377 ciuitates,
1078 338 1157 365 non
1188 327 1366 368 existimo
1407 340 1491 370 me-

185 396 346 435 morium
378 393 526 445 originis
560 390 728 441 Creticae
768 402 943 430 renouare
963 421 975 442 ,
1011 389 1070 429 sed
1101 390 1416 432 contumeliarum
1450 400 1492 434 et

184 457 334 497 iniuriae
364 456 410 497 ab
440 455 505 495 illis
538 463 773 507 acceptarum
812 452 1009 507 aliquando
1057 462 1351 494 monumentum
1401 454 1487 496 esse.

182 517 258 560 Sed
290 529 327 560 et
358 519 467 559 aliam
500 516 644 557 caufiim
679 516 785 556 huius
830 514 991 567 symboli
1023 512 1128 554 fiicile
1160 516 1376 569 inuenient,
1425 519 1488 572 qui

183 582 452 623 obseruauerint
483 581 528 622 ad
557 580 645 619 ostia
677 589 902 631 magnorum
923 576 1124 618 fluuiorum
1151 578 1231 618 sitas
1251 579 1357 620 vrbes
1374 592 1487 622 com·

182 645 301 699 plures
320 677 330 697 ‚
363 643 576 698 praesertim
607 643 684 683 illas
715 653 807 695 quae
840 651 971 695 portus
1001 649 1040 680 et
1069 641 1211 681 naualia
1249 641 1486 698 habuerunt,

182 708 323 748 bouem
357 708 464 754 vario
494 708 612 746 modo
644 705 837 758 posituque
869 703 1102 744 exhibuisse:
1153 715 1203 744 ex
1235 716 1311 758 quo
1342 705 1485 751 fastum

179 780 275 823 puto
305 772 345 812 in
375 768 497 811 Sicilia
529 777 568 809 et
598 778 737 822 magna
786 762 944 808 Graecia
992 774 1037 807 vt
1068 765 1164 808 nihil
1195 765 1237 809 sit
1267 767 1485 813 minotauro

178 832 409 888 frequentius.

292 897 432 950 Neque
461 905 591 937 tamen
621 904 823 950 propterea
852 893 1032 936 desierunt
1061 895 1176 936 etiarn
1228 895 1360 939 Rhodi
1398 909 1483 939 me-

176 958 319 999 minisst:
337 990 348 1009 ,
380 961 577 1011 praecipue
607 958 658 1007 illi
691 958 919 1010 magistratus
938 988 949 1009 ,
980 957 1043 1010 qui
1074 970 1189 1010 genus
1219 970 1267 998 ex
1296 959 1356 1001 illa
1386 961 1481 1002 infu-

173 1020 210 1060 la
242 1021 433 1061 ducebant.
515 1020 615 1060 Hinc
655 1018 797 1061 filetum
829 1019 882 1060 est
912 1028 955 1059 vt
986 1019 1026 1058 in
1060 1020 1184 1060 nostro
1233 1033 1354 1062 numo
1403 1023 1484 1066 rosit

170 1082 322 1125 Rhodia
354 1084 568 1124 minotauro
601 1084 888 1136 imponeretur:
921 1082 960 1122 in
977 1081 1052 1122 alio
1077 1084 1175 1136 apud
1200 1081 1480 1129 BEGERVM

167 1152 261 1200 pag.
298 1157 402 1196 350.
435 1145 518 1187 solis
550 1146 754 1199 imaginem
789 1145 873 1198 post
903 1154 1013 1198 caput
1045 1146 1136 1186 deae
1166 1147 1204 1186 in
1222 1146 1368 1188 aduersa
1393 1160 1481 1202 pat·

172 1217 213 1247 te
242 1209 464 1249 collocatam
495 1218 681 1249 notamus.
755 1207 934 1262 Veroque
983 1207 1103 1248 simile
1133 1209 1185 1249 est
1216 1208 1358 1251 {astum
1401 1211 1479 1254 hoc

171 1269 270 1310 fuisie
300 1271 563 1324 posterioribus
587 1271 824 1324 (temporibus
855 1273 1042 1325 aliquanto
1071 1271 1184 1311 rarius
1202 1303 1213 1323 ‚
1261 1285 1377 1326 quum
1424 1274 1478 1317 fa-

171 1334 300 1373 miliae
350 1333 618 1387 antiquissimae
639 1365 650 1385 ,
702 1346 723 1373 e
754 1333 899 1376 Rhodo
931 1333 1005 1375 huc
1036 1333 1208 1388 primum
1260 1335 1441 1377 deductae
1460 1368 1475 1391 ,

168 1396 320 1436 tandem
371 1397 414 1437 ad
464 1397 689 1450 paucitatem
738 1396 989 1451 redigerentur
1035 1405 1099 1437 aut
1148 1396 1476 1451 exstinguerentur.

171 1458 295 1514 Quare
326 1458 499 1500 existimo
528 1459 615 1500 inde
647 1459 903 1500 deducendam
935 1460 1006 1500 esse
1045 1459 1233 1500 eximiam
1283 1462 1474 1505 raritatem

169 1533 372 1562 numorum
407 1522 750 1575 Neapolitanorum
783 1534 873 1563 cum
906 1522 991 1577 rosa
1013 1523 1079 1562 vel
1108 1522 1214 1563 sole:
1247 1535 1362 1576 quum
1390 1525 1475 1566 illo-

170 1596 253 1623 rum
274 1615 285 1635 ,
318 1585 356 1623 in
389 1585 515 1638 quibus
545 1587 776 1625 minotaurus
807 1586 859 1626 est
890 1597 980 1626 cum
1012 1585 1174 1626 victoria
1204 1584 1474 1640 superuolitan-

166 1655 206 1686 te
223 1677 234 1699 ‚
266 1646 492 1687 crebriorem
525 1657 699 1689 notemus
730 1648 938 1692 occursum.

153 1748 158 1755 ,
285 1709 406 1749 Potest
435 1711 504 1750 alia
538 1711 656 1752 videri
688 1710 790 1752 causa
811 1743 823 1763 ,
873 1722 989 1765 eaque
1030 1723 1110 1753 non
1139 1722 1191 1752 ex
1222 1711 1369 1756 Rhodo
1399 1713 1474 1770 pe.-⁸

161 1770 233 1810 rita
254 1801 265 1820 ‚
296 1771 352 1811 sed
386 1773 494 1826 plene
527 1774 727 1814 domestica
746 1806 756 1825 ,
799 1786 866 1814 cur
898 1774 1021 1816 rosam
1073 1774 1299 1829 Neapolitae
1348 1782 1471 1821 numis

153 1832 231 1873 suis
263 1836 520 1887 impresserint.
585 1835 734 1876 Scilicet
767 1836 901 1877 iactare
934 1838 1133 1878 voluerunt
1181 1839 1279 1880 vrbis
1317 1842 1472 1884 tractus-

166 1907 236 1947 que
267 1896 314 1936 sui
347 1900 643 1951 praerogatiuam
679 1900 716 1938 in
751 1899 1058 1951 praestantissimis
1086 1901 1173 1941 rosis
1192 1904 1469 1957 progignendis.

168 1956 331 2011 Legatur
362 1962 408 1999 de
442 1972 489 2000 eo
539 1960 750 2003 PLINIVS
802 1960 881 2017 hist.
916 1969 995 2004 nat.
1031 1962 1094 2003 lib.
1127 1964 1247 2005 XXI.
1300 1975 1385 2021 cap.
1421 1982 1466 2020 4·

166 2029 205 2061 et
237 2033 290 2059 res
322 2021 400 2062 satis
433 2025 501 2065 erit
532 2024 715 2068 confecta.
746 2022 962 2079 ‚,Genera‚
992 2026 1109 2081 inquit
1127 2058 1140 2080 ‚
1174 2027 1252 2070 eius
1277 2031 1392 2071 nostri
1415 2030 1468 2070 se-

228 2078 336 2126 Tom.
367 2084 486 2128 XIV.
806 2089 846 2131 A
879 2101 901 2130 a
932 2101 954 2132 a
1378 2104 1462 2135 cete
