<?xml version="1.0" encoding="UTF-8"?>
<!DOCTYPE html PUBLIC "-//W3C//DTD XHTML 1.0 Transitional//EN"
    "http://www.w3.org/TR/xhtml1/DTD/xhtml1-transitional.dtd">
<html xmlns="http://www.w3.org/1999/xhtml" xml:lang="en" lang="en">
 <head>
  <title>
</title>
<meta http-equiv="Content-Type" content="text/html;charset=utf-8" />
  <meta name='ocr-system' content='tesseract 3.04.00' />
  <meta name='ocr-capabilities' content='ocr_page ocr_carea ocr_par ocr_line ocrx_word'/>
</head>
<body>
  <div class='ocr_page' id='page_1' title='image "./commentariiacade14impe/commentariiacade14impe_0361.png"; bbox 0 0 2020 2668; ppageno 0'>
   <div class='ocr_carea' id='block_1_1' title="bbox 679 94 1480 151">
    <p class='ocr_par' dir='ltr' id='par_1_1' title="bbox 679 94 1480 151">
     <span class='ocr_line' id='line_1_1' title="bbox 679 94 1480 151; baseline -0.005 -8"><span class='ocrx_word' id='word_1_1' title='bbox 679 98 739 143; x_wconf 80' lang='lat' dir='ltr'><strong>NJ</strong></span> <span class='ocrx_word' id='word_1_2' title='bbox 748 94 883 141; x_wconf 42' lang='lat' dir='ltr'><strong>‘&#39;Mls&#39;S</strong></span> <span class='ocrx_word' id='word_1_3' title='bbox 1398 113 1417 147; x_wconf 79' lang='lat'>3</span> <span class='ocrx_word' id='word_1_4' title='bbox 1429 113 1447 148; x_wconf 83' lang='lat'>5</span> <span class='ocrx_word' id='word_1_5' title='bbox 1458 115 1480 151; x_wconf 80' lang='lat'><strong>3</strong></span> 
     </span>
    </p>
   </div>
   <div class='ocr_carea' id='block_1_2' title="bbox 176 208 1490 2090">
    <p class='ocr_par' dir='ltr' id='par_1_2' title="bbox 181 208 1490 1019">
     <span class='ocr_line' id='line_1_2' title="bbox 296 208 1486 266; baseline -0.003 -13"><span class='ocrx_word' id='word_1_6' title='bbox 296 212 341 253; x_wconf 89' lang='lat' dir='ltr'><strong>In</strong></span> <span class='ocrx_word' id='word_1_7' title='bbox 372 220 476 266; x_wconf 78' lang='lat' dir='ltr'><strong>parte</strong></span> <span class='ocrx_word' id='word_1_8' title='bbox 509 213 628 255; x_wconf 70' lang='lat' dir='ltr'><strong>auersa</strong></span> <span class='ocrx_word' id='word_1_9' title='bbox 661 211 843 262; x_wconf 71' lang='lat' dir='ltr'><strong>Haymius</strong></span> <span class='ocrx_word' id='word_1_10' title='bbox 875 208 1034 250; x_wconf 83' lang='lat' dir='ltr'><strong>exhibet</strong></span> <span class='ocrx_word' id='word_1_11' title='bbox 1064 209 1249 249; x_wconf 78' lang='lat' dir='ltr'><strong>seminam</strong></span> <span class='ocrx_word' id='word_1_12' title='bbox 1291 221 1374 249; x_wconf 79' lang='lat' dir='ltr'><strong>arae</strong></span> <span class='ocrx_word' id='word_1_13' title='bbox 1411 210 1486 250; x_wconf 87' lang='lat' dir='ltr'><strong>suc-</strong></span> 
     </span>
     <span class='ocr_line' id='line_1_3' title="bbox 182 272 1487 329; baseline -0.002 -13"><span class='ocrx_word' id='word_1_14' title='bbox 182 276 307 317; x_wconf 66' lang='lat' dir='ltr'><strong>censae</strong></span> <span class='ocrx_word' id='word_1_15' title='bbox 337 276 534 315; x_wconf 73' lang='lat' dir='ltr'><strong>adstantem</strong></span> <span class='ocrx_word' id='word_1_16' title='bbox 555 307 565 326; x_wconf 91' lang='lat'>,</span> <span class='ocrx_word' id='word_1_17' title='bbox 597 288 688 329; x_wconf 71' lang='lat' dir='ltr'><strong>quae</strong></span> <span class='ocrx_word' id='word_1_18' title='bbox 721 276 849 314; x_wconf 75' lang='lat' dir='ltr'><strong>dextra</strong></span> <span class='ocrx_word' id='word_1_19' title='bbox 884 284 1051 327; x_wconf 72' lang='lat' dir='ltr'><strong>pateram</strong></span> <span class='ocrx_word' id='word_1_20' title='bbox 1085 282 1215 323; x_wconf 86' lang='lat' dir='ltr'><strong>tenet,</strong></span> <span class='ocrx_word' id='word_1_21' title='bbox 1249 272 1384 312; x_wconf 76' lang='lat' dir='ltr'><strong>sinistra</strong></span> <span class='ocrx_word' id='word_1_22' title='bbox 1425 286 1487 313; x_wconf 84' lang='lat' dir='ltr'><strong>au-</strong></span> 
     </span>
     <span class='ocr_line' id='line_1_4' title="bbox 187 336 1487 391; baseline -0.002 -12"><span class='ocrx_word' id='word_1_23' title='bbox 187 349 265 379; x_wconf 86' lang='lat' dir='ltr'><strong>tem</strong></span> <span class='ocrx_word' id='word_1_24' title='bbox 301 352 413 378; x_wconf 74' lang='lat' dir='ltr'><strong>cornu</strong></span> <span class='ocrx_word' id='word_1_25' title='bbox 445 339 588 391; x_wconf 72' lang='lat' dir='ltr'><strong>copiae.</strong></span> <span class='ocrx_word' id='word_1_26' title='bbox 654 338 756 378; x_wconf 72' lang='lat' dir='ltr'><strong>Haec</strong></span> <span class='ocrx_word' id='word_1_27' title='bbox 791 337 815 376; x_wconf 84' lang='lat' dir='ltr'><strong>sr</strong></span> <span class='ocrx_word' id='word_1_28' title='bbox 854 338 902 377; x_wconf 77' lang='lat' dir='ltr'><strong>ita</strong></span> <span class='ocrx_word' id='word_1_29' title='bbox 935 337 1032 375; x_wconf 77' lang='lat' dir='ltr'><strong>clare</strong></span> <span class='ocrx_word' id='word_1_30' title='bbox 1066 337 1094 376; x_wconf 83' lang='lat' dir='ltr'><strong>is</strong></span> <span class='ocrx_word' id='word_1_31' title='bbox 1126 337 1162 375; x_wconf 87' lang='lat' dir='ltr'><strong>in</strong></span> <span class='ocrx_word' id='word_1_32' title='bbox 1196 336 1260 375; x_wconf 88' lang='lat' dir='ltr'><strong>suo</strong></span> <span class='ocrx_word' id='word_1_33' title='bbox 1279 336 1487 390; x_wconf 75' lang='lat' dir='ltr'><strong>archetypo</strong></span> 
     </span>
     <span class='ocr_line' id='line_1_5' title="bbox 185 399 1487 452; baseline -0.003 -10"><span class='ocrx_word' id='word_1_34' title='bbox 185 404 279 442; x_wconf 77' lang='lat' dir='ltr'><strong>vidit</strong></span> <span class='ocrx_word' id='word_1_35' title='bbox 299 434 309 452; x_wconf 78' lang='lat'>,</span> <span class='ocrx_word' id='word_1_36' title='bbox 341 402 504 441; x_wconf 88' lang='lat' dir='ltr'><strong>efficiunt</strong></span> <span class='ocrx_word' id='word_1_37' title='bbox 538 411 580 441; x_wconf 84' lang='lat' dir='ltr'><strong>vt</strong></span> <span class='ocrx_word' id='word_1_38' title='bbox 610 401 744 441; x_wconf 74' lang='lat' dir='ltr'><strong>debeat</strong></span> <span class='ocrx_word' id='word_1_39' title='bbox 775 399 846 439; x_wconf 81' lang='lat' dir='ltr'><strong>esse</strong></span> <span class='ocrx_word' id='word_1_40' title='bbox 878 399 1035 440; x_wconf 78' lang='lat' dir='ltr'><strong>diuersus</strong></span> <span class='ocrx_word' id='word_1_41' title='bbox 1065 412 1085 438; x_wconf 80' lang='lat' dir='ltr'>a</span> <span class='ocrx_word' id='word_1_42' title='bbox 1120 411 1211 438; x_wconf 87' lang='lat' dir='ltr'><strong>meo</strong></span> <span class='ocrx_word' id='word_1_43' title='bbox 1251 411 1386 439; x_wconf 83' lang='lat' dir='ltr'><strong>numus</strong></span> <span class='ocrx_word' id='word_1_44' title='bbox 1405 432 1414 450; x_wconf 92' lang='lat'>‚</span> <span class='ocrx_word' id='word_1_45' title='bbox 1450 401 1487 439; x_wconf 89' lang='lat' dir='ltr'><strong>in</strong></span> 
     </span>
     <span class='ocr_line' id='line_1_6' title="bbox 189 462 1486 519; baseline -0.003 -14"><span class='ocrx_word' id='word_1_46' title='bbox 189 479 262 518; x_wconf 84' lang='lat' dir='ltr'><strong>quo</strong></span> <span class='ocrx_word' id='word_1_47' title='bbox 296 464 408 519; x_wconf 82' lang='lat' dir='ltr'>spicae</span> <span class='ocrx_word' id='word_1_48' title='bbox 441 476 492 503; x_wconf 85' lang='lat' dir='ltr'><strong>ex</strong></span> <span class='ocrx_word' id='word_1_49' title='bbox 525 464 693 517; x_wconf 76' lang='lat' dir='ltr'><strong>protenfit</strong></span> <span class='ocrx_word' id='word_1_50' title='bbox 728 475 841 504; x_wconf 83' lang='lat' dir='ltr'><strong>manu</strong></span> <span class='ocrx_word' id='word_1_51' title='bbox 874 464 1006 503; x_wconf 83' lang='lat' dir='ltr'><strong>dextra</strong></span> <span class='ocrx_word' id='word_1_52' title='bbox 1038 462 1313 514; x_wconf 75' lang='lat' dir='ltr'><strong>propendentes</strong></span> <span class='ocrx_word' id='word_1_53' title='bbox 1337 462 1486 502; x_wconf 75' lang='lat' dir='ltr'><strong>iiintin-</strong></span> 
     </span>
     <span class='ocr_line' id='line_1_7' title="bbox 185 525 1486 581; baseline -0.002 -13"><span class='ocrx_word' id='word_1_54' title='bbox 185 529 347 581; x_wconf 74' lang='lat' dir='ltr'><strong>dubi21e3</strong></span> <span class='ocrx_word' id='word_1_55' title='bbox 398 537 442 569; x_wconf 86' lang='lat' dir='ltr'><strong>vt</strong></span> <span class='ocrx_word' id='word_1_56' title='bbox 475 536 512 567; x_wconf 89' lang='lat' dir='ltr'><strong>et</strong></span> <span class='ocrx_word' id='word_1_57' title='bbox 544 526 735 567; x_wconf 70' lang='lat' dir='ltr'><strong>clarissime</strong></span> <span class='ocrx_word' id='word_1_58' title='bbox 785 527 952 566; x_wconf 86' lang='lat' dir='ltr'><strong>demittit</strong></span> <span class='ocrx_word' id='word_1_59' title='bbox 1007 525 1186 565; x_wconf 73' lang='lat' dir='ltr'><strong>sinistram</strong></span> <span class='ocrx_word' id='word_1_60' title='bbox 1231 525 1276 564; x_wconf 79' lang='lat' dir='ltr'><strong>ad</strong></span> <span class='ocrx_word' id='word_1_61' title='bbox 1311 525 1486 579; x_wconf 75' lang='lat' dir='ltr'><strong>icutum3</strong></span> 
     </span>
     <span class='ocr_line' id='line_1_8' title="bbox 186 586 1488 645; baseline -0.002 -14"><span class='ocrx_word' id='word_1_62' title='bbox 186 604 300 645; x_wconf 86' lang='lat' dir='ltr'><strong>quum</strong></span> <span class='ocrx_word' id='word_1_63' title='bbox 334 603 450 630; x_wconf 89' lang='lat' dir='ltr'><strong>cornu</strong></span> <span class='ocrx_word' id='word_1_64' title='bbox 483 591 616 643; x_wconf 76' lang='lat' dir='ltr'><strong>copiae</strong></span> <span class='ocrx_word' id='word_1_65' title='bbox 649 602 717 630; x_wconf 87' lang='lat' dir='ltr'><strong>nec</strong></span> <span class='ocrx_word' id='word_1_66' title='bbox 747 590 909 629; x_wconf 84' lang='lat' dir='ltr'><strong>minima</strong></span> <span class='ocrx_word' id='word_1_67' title='bbox 942 588 1032 628; x_wconf 79' lang='lat' dir='ltr'><strong>adsit</strong></span> <span class='ocrx_word' id='word_1_68' title='bbox 1071 586 1304 641; x_wconf 79' lang='lat' dir='ltr'><strong>significatio.</strong></span> <span class='ocrx_word' id='word_1_69' title='bbox 1369 589 1488 629; x_wconf 89' lang='lat' dir='ltr'><strong>Porro</strong></span> 
     </span>
     <span class='ocr_line' id='line_1_9' title="bbox 182 651 1487 704; baseline -0.002 -10"><span class='ocrx_word' id='word_1_70' title='bbox 182 656 297 694; x_wconf 78' lang='lat' dir='ltr'><strong>etiam</strong></span> <span class='ocrx_word' id='word_1_71' title='bbox 331 654 458 693; x_wconf 64' lang='lat' dir='ltr'><strong>ductus</strong></span> <span class='ocrx_word' id='word_1_72' title='bbox 489 654 697 693; x_wconf 75' lang='lat' dir='ltr'><strong>litterarum</strong></span> <span class='ocrx_word' id='word_1_73' title='bbox 733 653 770 692; x_wconf 91' lang='lat' dir='ltr'><strong>iu</strong></span> <span class='ocrx_word' id='word_1_74' title='bbox 805 653 966 692; x_wconf 87' lang='lat' dir='ltr'><strong>nomine</strong></span> <span class='ocrx_word' id='word_1_75' title='bbox 998 652 1133 691; x_wconf 87' lang='lat' dir='ltr'><strong>ciuium</strong></span> <span class='ocrx_word' id='word_1_76' title='bbox 1154 683 1164 702; x_wconf 89' lang='lat'>‚</span> <span class='ocrx_word' id='word_1_77' title='bbox 1198 663 1220 690; x_wconf 79' lang='lat' dir='ltr'>a</span> <span class='ocrx_word' id='word_1_78' title='bbox 1249 651 1383 704; x_wconf 87' lang='lat' dir='ltr'><strong>quibus</strong></span> <span class='ocrx_word' id='word_1_79' title='bbox 1424 651 1487 692; x_wconf 85' lang='lat' dir='ltr'><strong>hic</strong></span> 
     </span>
     <span class='ocr_line' id='line_1_10' title="bbox 184 713 1490 769; baseline -0.002 -12"><span class='ocrx_word' id='word_1_80' title='bbox 184 730 315 757; x_wconf 81' lang='lat' dir='ltr'><strong>numus</strong></span> <span class='ocrx_word' id='word_1_81' title='bbox 348 716 447 756; x_wconf 76' lang='lat' dir='ltr'><strong>cusus</strong></span> <span class='ocrx_word' id='word_1_82' title='bbox 477 716 557 768; x_wconf 86' lang='lat' dir='ltr'><strong>cst,</strong></span> <span class='ocrx_word' id='word_1_83' title='bbox 607 717 710 756; x_wconf 83' lang='lat' dir='ltr'><strong>aliter</strong></span> <span class='ocrx_word' id='word_1_84' title='bbox 745 717 842 769; x_wconf 79' lang='lat' dir='ltr'><strong>apud</strong></span> <span class='ocrx_word' id='word_1_85' title='bbox 879 727 944 756; x_wconf 89' lang='lat' dir='ltr'><strong>me</strong></span> <span class='ocrx_word' id='word_1_86' title='bbox 979 713 1169 765; x_wconf 82' lang='lat' dir='ltr'><strong>visuntur,</strong></span> <span class='ocrx_word' id='word_1_87' title='bbox 1220 727 1333 767; x_wconf 76' lang='lat' dir='ltr'><strong>quam</strong></span> <span class='ocrx_word' id='word_1_88' title='bbox 1384 714 1490 766; x_wconf 82' lang='lat' dir='ltr'>Hay—</span> 
     </span>
     <span class='ocr_line' id='line_1_11' title="bbox 183 777 1488 833; baseline -0.001 -14"><span class='ocrx_word' id='word_1_89' title='bbox 183 781 280 819; x_wconf 81' lang='lat' dir='ltr'><strong>mius</strong></span> <span class='ocrx_word' id='word_1_90' title='bbox 310 780 494 833; x_wconf 86' lang='lat' dir='ltr'><strong>depinxit.</strong></span> <span class='ocrx_word' id='word_1_91' title='bbox 558 779 664 820; x_wconf 82' lang='lat' dir='ltr'><strong>Nam</strong></span> <span class='ocrx_word' id='word_1_92' title='bbox 701 788 773 819; x_wconf 82' lang='lat' dir='ltr'><strong>tres</strong></span> <span class='ocrx_word' id='word_1_93' title='bbox 803 778 944 818; x_wconf 80' lang='lat' dir='ltr'>litterae</span> <span class='ocrx_word' id='word_1_94' title='bbox 977 778 1099 819; x_wconf 89' lang='grc' dir='ltr'><strong>ΟΠΟ</strong></span> <span class='ocrx_word' id='word_1_95' title='bbox 1134 777 1302 830; x_wconf 79' lang='lat' dir='ltr'><strong>singulari</strong></span> <span class='ocrx_word' id='word_1_96' title='bbox 1337 778 1458 818; x_wconf 91' lang='lat' dir='ltr'><strong>modo</strong></span> <span class='ocrx_word' id='word_1_97' title='bbox 1477 810 1488 830; x_wconf 87' lang='lat'>‚</span> 
     </span>
     <span class='ocr_line' id='line_1_12' title="bbox 181 840 1485 895; baseline 0 -14"><span class='ocrx_word' id='word_1_98' title='bbox 181 855 293 895; x_wconf 87' lang='lat' dir='ltr'><strong>quem</strong></span> <span class='ocrx_word' id='word_1_99' title='bbox 329 843 524 882; x_wconf 79' lang='lat' dir='ltr'>delineatio</span> <span class='ocrx_word' id='word_1_100' title='bbox 567 852 734 882; x_wconf 74' lang='lat' dir='ltr'><strong>accurata</strong></span> <span class='ocrx_word' id='word_1_101' title='bbox 785 841 971 893; x_wconf 84' lang='lat' dir='ltr'><strong>ostendit,</strong></span> <span class='ocrx_word' id='word_1_102' title='bbox 1019 840 1236 880; x_wconf 71' lang='lat' dir='ltr'><strong>contractae</strong></span> <span class='ocrx_word' id='word_1_103' title='bbox 1268 840 1360 880; x_wconf 86' lang='lat' dir='ltr'><strong>fimt.</strong></span> <span class='ocrx_word' id='word_1_104' title='bbox 1437 841 1485 882; x_wconf 87' lang='lat' dir='ltr'><strong>In</strong></span> 
     </span>
     <span class='ocr_line' id='line_1_13' title="bbox 181 903 1485 957; baseline 0 -13"><span class='ocrx_word' id='word_1_105' title='bbox 181 917 262 944; x_wconf 80' lang='lat' dir='ltr'><strong>area</strong></span> <span class='ocrx_word' id='word_1_106' title='bbox 294 916 419 944; x_wconf 83' lang='lat' dir='ltr'><strong>autem</strong></span> <span class='ocrx_word' id='word_1_107' title='bbox 455 915 539 944; x_wconf 86' lang='lat' dir='ltr'><strong>ante</strong></span> <span class='ocrx_word' id='word_1_108' title='bbox 574 905 752 945; x_wconf 49' lang='lat' dir='ltr'><strong>femin-im</strong></span> <span class='ocrx_word' id='word_1_109' title='bbox 787 905 837 945; x_wconf 87' lang='lat' dir='ltr'><strong>ibi</strong></span> <span class='ocrx_word' id='word_1_110' title='bbox 859 906 1013 945; x_wconf 73' lang='lat' dir='ltr'><strong>stantem</strong></span> <span class='ocrx_word' id='word_1_111' title='bbox 1046 903 1084 943; x_wconf 93' lang='lat' dir='ltr'><strong>E</strong></span> <span class='ocrx_word' id='word_1_112' title='bbox 1115 903 1485 957; x_wconf 80' lang='lat' dir='ltr'><strong>conspiciturzquod</strong></span> 
     </span>
     <span class='ocr_line' id='line_1_14' title="bbox 181 966 1036 1019; baseline 0 -13"><span class='ocrx_word' id='word_1_113' title='bbox 181 966 276 1006; x_wconf 89' lang='lat' dir='ltr'><strong>forte</strong></span> <span class='ocrx_word' id='word_1_114' title='bbox 306 968 477 1019; x_wconf 88' lang='lat' dir='ltr'><strong>quintum</strong></span> <span class='ocrx_word' id='word_1_115' title='bbox 511 980 651 1006; x_wconf 78' lang='lat' dir='ltr'><strong>annum</strong></span> <span class='ocrx_word' id='word_1_116' title='bbox 685 968 837 1018; x_wconf 85' lang='lat' dir='ltr'><strong>imperii</strong></span> <span class='ocrx_word' id='word_1_117' title='bbox 869 968 1036 1006; x_wconf 79' lang='lat' dir='ltr'><strong>denotat.</strong></span> 
     </span>
    </p>

    <p class='ocr_par' dir='ltr' id='par_1_3' title="bbox 176 1027 1487 1961">
     <span class='ocr_line' id='line_1_15' title="bbox 293 1027 1483 1071; baseline 0.002 -3"><span class='ocrx_word' id='word_1_118' title='bbox 293 1029 468 1069; x_wconf 81' lang='lat' dir='ltr'>Tandem</span> <span class='ocrx_word' id='word_1_119' title='bbox 501 1029 617 1069; x_wconf 73' lang='lat' dir='ltr'><strong>etiam</strong></span> <span class='ocrx_word' id='word_1_120' title='bbox 668 1029 846 1070; x_wconf 82' lang='lat' dir='ltr'><strong>coalitum</strong></span> <span class='ocrx_word' id='word_1_121' title='bbox 903 1029 1074 1070; x_wconf 79' lang='lat' dir='ltr'><strong>binarum</strong></span> <span class='ocrx_word' id='word_1_122' title='bbox 1124 1027 1332 1069; x_wconf 80' lang='lat' dir='ltr'><strong>litterarum</strong></span> <span class='ocrx_word' id='word_1_123' title='bbox 1393 1028 1483 1071; x_wconf 84' lang='grc' dir='ltr'><strong>ΩΝ</strong></span> 
     </span>
     <span class='ocr_line' id='line_1_16' title="bbox 179 1090 1486 1145; baseline 0.002 -14"><span class='ocrx_word' id='word_1_124' title='bbox 179 1092 377 1145; x_wconf 84' lang='lat' dir='ltr'><strong>neglexit,</strong></span> <span class='ocrx_word' id='word_1_125' title='bbox 408 1102 474 1132; x_wconf 83' lang='lat' dir='ltr'><strong>-aut</strong></span> <span class='ocrx_word' id='word_1_126' title='bbox 505 1092 602 1132; x_wconf 81' lang='lat' dir='ltr'><strong>forre</strong></span> <span class='ocrx_word' id='word_1_127' title='bbox 637 1094 674 1132; x_wconf 91' lang='lat' dir='ltr'><strong>in</strong></span> <span class='ocrx_word' id='word_1_128' title='bbox 707 1092 769 1133; x_wconf 88' lang='lat' dir='ltr'><strong>suo</strong></span> <span class='ocrx_word' id='word_1_129' title='bbox 801 1104 921 1134; x_wconf 91' lang='lat' dir='ltr'><strong>numo</strong></span> <span class='ocrx_word' id='word_1_130' title='bbox 953 1104 1033 1133; x_wconf 91' lang='lat' dir='ltr'><strong>non</strong></span> <span class='ocrx_word' id='word_1_131' title='bbox 1064 1091 1218 1132; x_wconf 89' lang='lat' dir='ltr'><strong>inuenit.</strong></span> <span class='ocrx_word' id='word_1_132' title='bbox 1260 1090 1328 1132; x_wconf 92' lang='lat' dir='ltr'><strong>Ille</strong></span> <span class='ocrx_word' id='word_1_133' title='bbox 1360 1101 1486 1133; x_wconf 84' lang='lat' dir='ltr'><strong>autem</strong></span> 
     </span>
     <span class='ocr_line' id='line_1_17' title="bbox 178 1154 1487 1208; baseline 0.001 -12"><span class='ocrx_word' id='word_1_134' title='bbox 178 1154 254 1196; x_wconf 89' lang='lat' dir='ltr'><strong>hoc</strong></span> <span class='ocrx_word' id='word_1_135' title='bbox 286 1155 427 1195; x_wconf 81' lang='lat' dir='ltr'><strong>saeculo</strong></span> <span class='ocrx_word' id='word_1_136' title='bbox 458 1156 620 1196; x_wconf 86' lang='lat' dir='ltr'><strong>minime</strong></span> <span class='ocrx_word' id='word_1_137' title='bbox 650 1154 858 1208; x_wconf 86' lang='lat' dir='ltr'><strong>infrequens</strong></span> <span class='ocrx_word' id='word_1_138' title='bbox 889 1155 940 1195; x_wconf 90' lang='lat' dir='ltr'><strong>est</strong></span> <span class='ocrx_word' id='word_1_139' title='bbox 959 1188 971 1207; x_wconf 85' lang='lat'>,</span> <span class='ocrx_word' id='word_1_140' title='bbox 1022 1164 1068 1196; x_wconf 76' lang='lat' dir='ltr'><strong>vt</strong></span> <span class='ocrx_word' id='word_1_141' title='bbox 1099 1163 1256 1207; x_wconf 82' lang='lat' dir='ltr'><strong>apparet</strong></span> <span class='ocrx_word' id='word_1_142' title='bbox 1294 1165 1344 1194; x_wconf 87' lang='lat' dir='ltr'><strong>ex</strong></span> <span class='ocrx_word' id='word_1_143' title='bbox 1376 1167 1487 1197; x_wconf 85' lang='lat' dir='ltr'><strong>com-</strong></span> 
     </span>
     <span class='ocr_line' id='line_1_18' title="bbox 177 1218 1484 1271; baseline 0.002 -13"><span class='ocrx_word' id='word_1_144' title='bbox 177 1218 343 1271; x_wconf 83' lang='lat' dir='ltr'><strong>pluribus</strong></span> <span class='ocrx_word' id='word_1_145' title='bbox 374 1218 679 1259; x_wconf 84' lang='lat' dir='ltr'><strong>delineationibus</strong></span> <span class='ocrx_word' id='word_1_146' title='bbox 711 1220 747 1258; x_wconf 92' lang='lat' dir='ltr'><strong>in</strong></span> <span class='ocrx_word' id='word_1_147' title='bbox 779 1218 1028 1271; x_wconf 73' lang='lat' dir='ltr'><strong>appendicula</strong></span> <span class='ocrx_word' id='word_1_148' title='bbox 1067 1219 1112 1258; x_wconf 85' lang='lat' dir='ltr'><strong>ad</strong></span> <span class='ocrx_word' id='word_1_149' title='bbox 1145 1229 1281 1257; x_wconf 86' lang='lat' dir='ltr'><strong>numos</strong></span> <span class='ocrx_word' id='word_1_150' title='bbox 1330 1218 1484 1260; x_wconf 86' lang='lat' dir='ltr'><strong>vrbium</strong></span> 
     </span>
     <span class='ocr_line' id='line_1_19' title="bbox 177 1277 1485 1333; baseline 0.002 -12"><span class='ocrx_word' id='word_1_151' title='bbox 177 1277 319 1321; x_wconf 76' lang='lat' dir='ltr'><strong>Graece</strong></span> <span class='ocrx_word' id='word_1_152' title='bbox 351 1280 577 1333; x_wconf 81' lang='lat' dir='ltr'><strong>loquentium</strong></span> <span class='ocrx_word' id='word_1_153' title='bbox 612 1294 632 1320; x_wconf 78' lang='lat' dir='ltr'>a</span> <span class='ocrx_word' id='word_1_154' title='bbox 663 1282 714 1323; x_wconf 82' lang='lat' dir='ltr'><strong>R.</strong></span> <span class='ocrx_word' id='word_1_155' title='bbox 753 1281 793 1321; x_wconf 88' lang='lat' dir='ltr'><strong>P.</strong></span> <span class='ocrx_word' id='word_1_156' title='bbox 827 1281 1057 1324; x_wconf 56' lang='lat' dir='ltr'>ERASMO</span> <span class='ocrx_word' id='word_1_157' title='bbox 1091 1278 1366 1322; x_wconf 82' lang='lat' dir='ltr'><strong>FROELICH</strong></span> <span class='ocrx_word' id='word_1_158' title='bbox 1385 1283 1485 1323; x_wconf 81' lang='lat' dir='ltr'><strong>edita</strong></span> 
     </span>
     <span class='ocr_line' id='line_1_20' title="bbox 180 1341 1485 1397; baseline 0.001 -14"><span class='ocrx_word' id='word_1_159' title='bbox 180 1344 430 1383; x_wconf 72' lang='lat' dir='ltr'><strong>exstantibus:</strong></span> <span class='ocrx_word' id='word_1_160' title='bbox 463 1341 533 1383; x_wconf 88' lang='lat' dir='ltr'><strong>Cui</strong></span> <span class='ocrx_word' id='word_1_161' title='bbox 552 1344 765 1384; x_wconf 66' lang='lat' dir='ltr'><strong>doctiffimo</strong></span> <span class='ocrx_word' id='word_1_162' title='bbox 798 1346 883 1384; x_wconf 85' lang='lat' dir='ltr'><strong>viro</strong></span> <span class='ocrx_word' id='word_1_163' title='bbox 922 1346 1122 1386; x_wconf 77' lang='lat' dir='ltr'><strong>maximae</strong></span> <span class='ocrx_word' id='word_1_164' title='bbox 1173 1344 1354 1384; x_wconf 84' lang='lat' dir='ltr'><strong>debentur</strong></span> <span class='ocrx_word' id='word_1_165' title='bbox 1401 1357 1485 1397; x_wconf 78' lang='lat' dir='ltr'><strong>gra·</strong></span> 
     </span>
     <span class='ocr_line' id='line_1_21' title="bbox 178 1406 1484 1459; baseline 0.002 -14"><span class='ocrx_word' id='word_1_166' title='bbox 178 1406 251 1446; x_wconf 80' lang='lat' dir='ltr'><strong>tiae</strong></span> <span class='ocrx_word' id='word_1_167' title='bbox 271 1438 281 1457; x_wconf 87' lang='lat'>,</span> <span class='ocrx_word' id='word_1_168' title='bbox 313 1407 411 1459; x_wconf 86' lang='lat' dir='ltr'><strong>quod</strong></span> <span class='ocrx_word' id='word_1_169' title='bbox 444 1416 499 1445; x_wconf 91' lang='lat' dir='ltr'><strong>tot</strong></span> <span class='ocrx_word' id='word_1_170' title='bbox 531 1408 718 1459; x_wconf 69' lang='lat' dir='ltr'><strong>praeclara</strong></span> <span class='ocrx_word' id='word_1_171' title='bbox 767 1408 955 1447; x_wconf 80' lang='lat' dir='ltr'><strong>vetustatis</strong></span> <span class='ocrx_word' id='word_1_172' title='bbox 1005 1416 1255 1447; x_wconf 84' lang='lat' dir='ltr'><strong>monumenta</strong></span> <span class='ocrx_word' id='word_1_173' title='bbox 1289 1407 1325 1445; x_wconf 90' lang='lat' dir='ltr'><strong>iu</strong></span> <span class='ocrx_word' id='word_1_174' title='bbox 1356 1407 1484 1447; x_wconf 90' lang='lat' dir='ltr'><strong>lucem</strong></span> 
     </span>
     <span class='ocr_line' id='line_1_22' title="bbox 177 1466 1481 1522; baseline 0.003 -15"><span class='ocrx_word' id='word_1_175' title='bbox 177 1472 392 1522; x_wconf 65' lang='lat' dir='ltr'><strong>protr21xit3</strong></span> <span class='ocrx_word' id='word_1_176' title='bbox 429 1469 592 1510; x_wconf 78' lang='lat' dir='ltr'><strong>infinitae</strong></span> <span class='ocrx_word' id='word_1_177' title='bbox 624 1479 751 1510; x_wconf 83' lang='lat' dir='ltr'><strong>autem</strong></span> <span class='ocrx_word' id='word_1_178' title='bbox 769 1471 916 1510; x_wconf 87' lang='lat' dir='ltr'><strong>summe</strong></span> <span class='ocrx_word' id='word_1_179' title='bbox 935 1471 1142 1511; x_wconf 89' lang='lat' dir='ltr'><strong>reuerendo</strong></span> <span class='ocrx_word' id='word_1_180' title='bbox 1174 1469 1213 1510; x_wconf 89' lang='lat' dir='ltr'><strong>P.</strong></span> <span class='ocrx_word' id='word_1_181' title='bbox 1251 1466 1481 1512; x_wconf 82' lang='lat' dir='ltr'>CAROLO</span> 
     </span>
     <span class='ocr_line' id='line_1_23' title="bbox 176 1530 1480 1586; baseline 0.001 -14"><span class='ocrx_word' id='word_1_182' title='bbox 176 1530 464 1574; x_wconf 83' lang='lat' dir='ltr'>GRANELLI</span> <span class='ocrx_word' id='word_1_183' title='bbox 484 1565 494 1584; x_wconf 82' lang='lat'>‚</span> <span class='ocrx_word' id='word_1_184' title='bbox 528 1534 589 1585; x_wconf 89' lang='lat' dir='ltr'><strong>qui</strong></span> <span class='ocrx_word' id='word_1_185' title='bbox 620 1533 955 1586; x_wconf 78' lang='lat' dir='ltr'><strong>incomparabilem</strong></span> <span class='ocrx_word' id='word_1_186' title='bbox 990 1535 1094 1574; x_wconf 85' lang='lat' dir='ltr'><strong>suum</strong></span> <span class='ocrx_word' id='word_1_187' title='bbox 1126 1531 1339 1574; x_wconf 80' lang='lat' dir='ltr'><strong>thesaurum</strong></span> <span class='ocrx_word' id='word_1_188' title='bbox 1372 1543 1480 1586; x_wconf 86' lang='lat' dir='ltr'><strong>pate-</strong></span> 
     </span>
     <span class='ocr_line' id='line_1_24' title="bbox 177 1595 1483 1650; baseline -0.002 -15"><span class='ocrx_word' id='word_1_189' title='bbox 177 1608 217 1635; x_wconf 89' lang='lat' dir='ltr'><strong>re</strong></span> <span class='ocrx_word' id='word_1_190' title='bbox 252 1595 318 1648; x_wconf 81' lang='lat' dir='ltr'><strong>ipsi</strong></span> <span class='ocrx_word' id='word_1_191' title='bbox 350 1596 498 1645; x_wconf 85' lang='lat' dir='ltr'><strong>voluit,</strong></span> <span class='ocrx_word' id='word_1_192' title='bbox 532 1605 577 1634; x_wconf 76' lang='lat' dir='ltr'><strong>vt</strong></span> <span class='ocrx_word' id='word_1_193' title='bbox 609 1597 692 1636; x_wconf 89' lang='lat' dir='ltr'><strong>inde</strong></span> <span class='ocrx_word' id='word_1_194' title='bbox 723 1597 973 1649; x_wconf 86' lang='lat' dir='ltr'><strong>produceret,</strong></span> <span class='ocrx_word' id='word_1_195' title='bbox 1005 1609 1094 1650; x_wconf 76' lang='lat' dir='ltr'><strong>quae</strong></span> <span class='ocrx_word' id='word_1_196' title='bbox 1128 1597 1282 1650; x_wconf 86' lang='lat' dir='ltr'><strong>quidem</strong></span> <span class='ocrx_word' id='word_1_197' title='bbox 1321 1596 1483 1636; x_wconf 62' lang='lat' dir='ltr'><strong>delceta-</strong></span> 
     </span>
     <span class='ocr_line' id='line_1_25' title="bbox 178 1658 1482 1712; baseline 0.003 -16"><span class='ocrx_word' id='word_1_198' title='bbox 178 1667 260 1697; x_wconf 84' lang='lat' dir='ltr'><strong>rent</strong></span> <span class='ocrx_word' id='word_1_199' title='bbox 297 1668 332 1697; x_wconf 88' lang='lat' dir='ltr'><strong>et</strong></span> <span class='ocrx_word' id='word_1_200' title='bbox 366 1660 559 1710; x_wconf 69' lang='lat' dir='ltr'><strong>nutarent,</strong></span> <span class='ocrx_word' id='word_1_201' title='bbox 592 1658 649 1699; x_wconf 87' lang='lat' dir='ltr'><strong>sed</strong></span> <span class='ocrx_word' id='word_1_202' title='bbox 685 1660 784 1700; x_wconf 84' lang='lat' dir='ltr'><strong>sitim</strong></span> <span class='ocrx_word' id='word_1_203' title='bbox 817 1661 939 1712; x_wconf 82' lang='lat' dir='ltr'><strong>potius</strong></span> <span class='ocrx_word' id='word_1_204' title='bbox 970 1661 1203 1700; x_wconf 87' lang='lat' dir='ltr'><strong>incenderent</strong></span> <span class='ocrx_word' id='word_1_205' title='bbox 1222 1691 1233 1709; x_wconf 82' lang='lat'>‚</span> <span class='ocrx_word' id='word_1_206' title='bbox 1263 1671 1376 1711; x_wconf 79' lang='lat' dir='ltr'><strong>quam</strong></span> <span class='ocrx_word' id='word_1_207' title='bbox 1412 1672 1482 1700; x_wconf 89' lang='lat' dir='ltr'><strong>ex-</strong></span> 
     </span>
     <span class='ocr_line' id='line_1_26' title="bbox 179 1721 1481 1777; baseline 0.002 -17"><span class='ocrx_word' id='word_1_208' title='bbox 179 1721 352 1772; x_wconf 83' lang='lat' dir='ltr'><strong>stinguere</strong></span> <span class='ocrx_word' id='word_1_209' title='bbox 386 1722 561 1761; x_wconf 77' lang='lat' dir='ltr'><strong>valerent.</strong></span> <span class='ocrx_word' id='word_1_210' title='bbox 629 1722 788 1777; x_wconf 76' lang='lat' dir='ltr'><strong>Quantis</strong></span> <span class='ocrx_word' id='word_1_211' title='bbox 818 1723 925 1763; x_wconf 91' lang='lat' dir='ltr'><strong>enim</strong></span> <span class='ocrx_word' id='word_1_212' title='bbox 959 1723 996 1762; x_wconf 90' lang='lat' dir='ltr'><strong>in</strong></span> <span class='ocrx_word' id='word_1_213' title='bbox 1030 1724 1166 1763; x_wconf 89' lang='lat' dir='ltr'><strong>ceteris</strong></span> <span class='ocrx_word' id='word_1_214' title='bbox 1206 1723 1481 1763; x_wconf 80' lang='lat' dir='ltr'><strong>numismatum</strong></span> 
     </span>
     <span class='ocr_line' id='line_1_27' title="bbox 179 1783 1482 1839; baseline 0.003 -17"><span class='ocrx_word' id='word_1_215' title='bbox 179 1783 369 1836; x_wconf 84' lang='lat' dir='ltr'><strong>generibus</strong></span> <span class='ocrx_word' id='word_1_216' title='bbox 401 1784 580 1824; x_wconf 66' lang='lat' dir='ltr'><strong>abundare</strong></span> <span class='ocrx_word' id='word_1_217' title='bbox 611 1786 743 1825; x_wconf 73' lang='lat' dir='ltr'><strong>debent</strong></span> <span class='ocrx_word' id='word_1_218' title='bbox 775 1786 937 1838; x_wconf 84' lang='lat' dir='ltr'><strong>opibus,</strong></span> <span class='ocrx_word' id='word_1_219' title='bbox 986 1786 1050 1839; x_wconf 91' lang='lat' dir='ltr'><strong>qui</strong></span> <span class='ocrx_word' id='word_1_220' title='bbox 1093 1787 1129 1826; x_wconf 91' lang='lat' dir='ltr'><strong>in</strong></span> <span class='ocrx_word' id='word_1_221' title='bbox 1162 1785 1314 1825; x_wconf 86' lang='lat' dir='ltr'><strong>coloniis</strong></span> <span class='ocrx_word' id='word_1_222' title='bbox 1346 1794 1385 1824; x_wconf 87' lang='lat' dir='ltr'><strong>et</strong></span> <span class='ocrx_word' id='word_1_223' title='bbox 1417 1798 1482 1826; x_wconf 79' lang='lat' dir='ltr'><strong>vr-</strong></span> 
     </span>
     <span class='ocr_line' id='line_1_28' title="bbox 179 1847 1483 1901; baseline 0.003 -16"><span class='ocrx_word' id='word_1_224' title='bbox 179 1847 283 1885; x_wconf 80' lang='lat' dir='ltr'><strong>bibns</strong></span> <span class='ocrx_word' id='word_1_225' title='bbox 315 1856 457 1886; x_wconf 77' lang='lat' dir='ltr'><strong>tantum</strong></span> <span class='ocrx_word' id='word_1_226' title='bbox 490 1848 666 1899; x_wconf 81' lang='lat' dir='ltr'><strong>excellit,</strong></span> <span class='ocrx_word' id='word_1_227' title='bbox 701 1849 955 1888; x_wconf 57' lang='lat' dir='ltr'><strong>coniecturam</strong></span> <span class='ocrx_word' id='word_1_228' title='bbox 988 1848 1093 1888; x_wconf 82' lang='lat' dir='ltr'><strong>facile</strong></span> <span class='ocrx_word' id='word_1_229' title='bbox 1124 1849 1291 1899; x_wconf 78' lang='lat' dir='ltr'><strong>faciunt,</strong></span> <span class='ocrx_word' id='word_1_230' title='bbox 1325 1849 1386 1901; x_wconf 90' lang='lat' dir='ltr'><strong>qui</strong></span> <span class='ocrx_word' id='word_1_231' title='bbox 1410 1861 1483 1889; x_wconf 80' lang='lat' dir='ltr'><strong>ex-</strong></span> 
     </span>
     <span class='ocr_line' id='line_1_29' title="bbox 179 1908 1446 1961; baseline 0.003 -14"><span class='ocrx_word' id='word_1_232' title='bbox 179 1910 271 1960; x_wconf 87' lang='lat' dir='ltr'><strong>perti</strong></span> <span class='ocrx_word' id='word_1_233' title='bbox 305 1908 417 1949; x_wconf 88' lang='lat' dir='ltr'><strong>sciunt</strong></span> <span class='ocrx_word' id='word_1_234' title='bbox 435 1922 546 1961; x_wconf 76' lang='lat' dir='ltr'><strong>qrmm</strong></span> <span class='ocrx_word' id='word_1_235' title='bbox 567 1923 648 1950; x_wconf 77' lang='lat' dir='ltr'><strong>raro</strong></span> <span class='ocrx_word' id='word_1_236' title='bbox 666 1912 701 1950; x_wconf 92' lang='lat' dir='ltr'><strong>in</strong></span> <span class='ocrx_word' id='word_1_237' title='bbox 722 1913 811 1951; x_wconf 75' lang='lat' dir='ltr'><strong>retia</strong></span> <span class='ocrx_word' id='word_1_238' title='bbox 829 1913 885 1952; x_wconf 85' lang='lat' dir='ltr'><strong>sua</strong></span> <span class='ocrx_word' id='word_1_239' title='bbox 904 1911 1065 1951; x_wconf 85' lang='lat' dir='ltr'><strong>incidere</strong></span> <span class='ocrx_word' id='word_1_240' title='bbox 1084 1911 1121 1951; x_wconf 88' lang='lat' dir='ltr'><strong>hi</strong></span> <span class='ocrx_word' id='word_1_241' title='bbox 1144 1911 1276 1961; x_wconf 80' lang='lat' dir='ltr'><strong>thynni</strong></span> <span class='ocrx_word' id='word_1_242' title='bbox 1294 1910 1446 1951; x_wconf 77' lang='lat' dir='ltr'><strong>soleant.</strong></span> 
     </span>
    </p>

    <p class='ocr_par' dir='ltr' id='par_1_4' title="bbox 178 1971 1479 2090">
     <span class='ocr_line' id='line_1_30' title="bbox 293 1971 1474 2028; baseline 0.003 -17"><span class='ocrx_word' id='word_1_243' title='bbox 293 1971 357 2011; x_wconf 91' lang='lat' dir='ltr'><strong>De</strong></span> <span class='ocrx_word' id='word_1_244' title='bbox 389 1972 667 2025; x_wconf 57' lang='lat' dir='ltr'><strong>Pilarcianopoli</strong></span> <span class='ocrx_word' id='word_1_245' title='bbox 700 1975 832 2014; x_wconf 76' lang='lat' dir='ltr'><strong>addere</strong></span> <span class='ocrx_word' id='word_1_246' title='bbox 865 1987 994 2028; x_wconf 79' lang='lat' dir='ltr'><strong>parum</strong></span> <span class='ocrx_word' id='word_1_247' title='bbox 1031 1986 1125 2027; x_wconf 88' lang='lat' dir='ltr'><strong>opus</strong></span> <span class='ocrx_word' id='word_1_248' title='bbox 1141 1974 1207 2014; x_wconf 86' lang='lat' dir='ltr'><strong>est.</strong></span> <span class='ocrx_word' id='word_1_249' title='bbox 1269 1971 1474 2014; x_wconf 80' lang='lat' dir='ltr'><strong>Conditam</strong></span> 
     </span>
     <span class='ocr_line' id='line_1_31' title="bbox 178 2034 1479 2090; baseline 0.004 -18"><span class='ocrx_word' id='word_1_250' title='bbox 178 2045 261 2072; x_wconf 75' lang='lat' dir='ltr'><strong>eam</strong></span> <span class='ocrx_word' id='word_1_251' title='bbox 295 2034 330 2073; x_wconf 88' lang='lat' dir='ltr'><strong>in</strong></span> <span class='ocrx_word' id='word_1_252' title='bbox 363 2036 546 2074; x_wconf 81' lang='lat' dir='ltr'><strong>honorem</strong></span> <span class='ocrx_word' id='word_1_253' title='bbox 580 2035 822 2088; x_wconf 56' lang='lat' dir='ltr'><strong>Mau-cinnae,</strong></span> <span class='ocrx_word' id='word_1_254' title='bbox 855 2049 947 2090; x_wconf 70' lang='lat' dir='ltr'><strong>qnae</strong></span> <span class='ocrx_word' id='word_1_255' title='bbox 980 2037 1130 2078; x_wconf 74' lang='lat' dir='ltr'><strong>Traiani</strong></span> <span class='ocrx_word' id='word_1_256' title='bbox 1164 2036 1263 2078; x_wconf 85' lang='lat' dir='ltr'><strong>soror</strong></span> <span class='ocrx_word' id='word_1_257' title='bbox 1302 2046 1479 2090; x_wconf 71' lang='lat' dir='ltr'><strong>putatur,</strong></span> 
     </span>
    </p>
   </div>
   <div class='ocr_carea' id='block_1_3' title="bbox 239 2095 1477 2152">
    <p class='ocr_par' dir='ltr' id='par_1_5' title="bbox 239 2095 1477 2152">
     <span class='ocr_line' id='line_1_32' title="bbox 239 2095 1477 2152; baseline 0 -14"><span class='ocrx_word' id='word_1_258' title='bbox 239 2097 345 2138; x_wconf 84' lang='lat' dir='ltr'><em>Tom.</em></span> <span class='ocrx_word' id='word_1_259' title='bbox 376 2095 502 2139; x_wconf 87' lang='lat' dir='ltr'><em>XIV.</em></span> <span class='ocrx_word' id='word_1_260' title='bbox 808 2100 848 2140; x_wconf 92' lang='lat' dir='ltr'>Y</span> <span class='ocrx_word' id='word_1_261' title='bbox 880 2112 906 2151; x_wconf 81' lang='lat' dir='ltr'><strong>y</strong></span> <span class='ocrx_word' id='word_1_262' title='bbox 1334 2098 1477 2152; x_wconf 74' lang='lat' dir='ltr'><strong>accepi-</strong></span> 
     </span>
    </p>
   </div>
  </div>
 </body>
</html>
