2020 2668
515 96 675 147 NVMI
708 97 1053 144 ILLVSTRATI.
1401 107 1497 153 ³49

198 215 265 256 dos
297 223 592 269 procurauerunt.
656 213 804 255 Omnes
834 224 961 255 autem
995 210 1223 254 consentiunt
1241 210 1279 252 in
1297 223 1346 253 eo
1366 244 1377 265 ‚
1395 214 1499 267 qnod*

197 279 353 332 principi
384 278 472 319 huic
504 276 578 317 hoc
612 279 786 318 maxime
820 286 1043 330 argumento
1077 277 1335 329 antiquitatem
1368 286 1405 315 et
1423 289 1495 317 no-

198 342 376 381 bilitatem
409 339 488 380 snae
519 341 638 392 gentis
667 340 854 380 ostendere
889 341 1065 392 placuerit
1083 372 1094 391 ,
1126 340 1267 392 quippe
1297 340 1342 379 ab
1361 339 1493 381 Aenea

196 415 262 456 per
291 403 476 443 Venerem
511 412 547 441 et
582 401 703 451 Julnm
737 403 929 442 deductae.
1016 404 1141 455 Atque
1174 402 1211 441 in
1241 401 1298 442 his
1329 403 1397 442 dea
1428 403 1496 443 ha-

196 466 287 505 stam
307 498 318 517 ,
350 465 542 505 maiestatis
573 463 652 503 luae
683 465 859 505 indicium
879 497 890 516 ‚
924 465 1148 518 plerumque
1187 474 1289 504 tenet
1307 497 1317 516 ‚
1360 466 1492 507 dextra

193 537 319 568 autem
351 527 549 568 vietoriam
582 526 717 566 sertum
750 527 926 580 ligantem
947 530 1118 582 praefert.
1184 527 1392 568 Vic‘toriam
1412 540 1490 569 non

193 589 308 630 solum
349 590 396 630 ab
427 590 523 630 orbis
555 599 734 629 terrarum
770 591 940 631 maxima
969 600 1072 644 parte
1104 602 1169 644 per
1201 592 1396 632 Romanos
1433 603 1492 632 re-

193 661 382 706 portatam
415 652 476 692 illa
511 653 727 705 praedicat:
761 665 890 693 verum
926 654 1136 694 maximam
1168 653 1266 693 illam
1295 652 1375 693 Iulii
1395 651 1492 693 Cae-

192 715 275 755 1aris
293 748 303 765 ‚
336 727 405 767 qua
437 716 536 755 orbis
577 716 687 754 totins
735 715 922 756 victorem
957 716 1140 769 populum
1190 716 1229 755 in
1264 713 1336 756 Cn.
1373 716 1493 756 Pom-

193 778 282 831 peio
313 777 453 817 vicerat
473 810 483 827 ,
516 778 796 830 imperiumque
832 777 892 818 sub
923 779 1109 818 dictatoris
1140 780 1310 833 perpetui
1363 779 1494 818 nomi-*

192 852 239 879 ne
271 839 554 880 administrabat.
616 838 660 880 Id
695 851 787 880 vero
820 841 1048 893 potiffimum
1083 842 1265 880 comitate
1299 850 1336 880 et
1367 842 1490 881 consi·

190 902 248 942 liis
283 902 488 942 mitioribus
509 930 520 951 ‚
551 902 680 955 quibus
710 904 884 943 omnium
917 904 1093 943 ordinum
1111 903 1407 943 beneuolentiam
1427 903 1492 943 fibi

190 972 424 1015 compararet
472 973 509 1002 et
550 963 778 1003 conseruaret
797 992 808 1006 ‚
852 965 1017 1004 securum
1066 965 1220 1004 reddere
1252 963 1287 1002 se
1320 977 1458 1017 cupere
1477 995 1490 1017 ,

192 1025 350 1065 Veneris
395 1024 563 1076 symbolo
612 1025 812 1077 fignificare
856 1026 1004 1066 voluisse
1042 1027 1180 1067 merito
1213 1027 1372 1066 videtur.

303 1088 465 1142 Quando
496 1097 621 1126 autem
656 1088 782 1127 Venus
814 1089 953 1128 vieini<
996 1089 1037 1128 in
1070 1089 1315 1141 Augustarum
1369 1090 1491 1129 numis

191 1150 386 1190 exhibetur
405 1181 416 1200 ,
447 1150 722 1190 commendare
755 1150 828 1189 hoc
861 1151 1072 1201 symbolum
1107 1153 1255 1191 videtur
1272 1164 1349 1191 non
1367 1151 1488 1191 solum

190 1212 418 1253 venustatem
450 1224 576 1251 earum
598 1244 608 1262 ,
641 1224 709 1265 qna
737 1213 800 1252 fibi
834 1225 1006 1252 amorem
1026 1212 1280 1266 Augustorum
1313 1214 1492 1254 concilia-

190 1276 335 1314 verint:
390 1286 521 1314 verum
558 1274 672 1314 etiam
723 1274 976 1315 affabilitatem
1011 1285 1050 1315 et
1080 1279 1215 1315 mitem
1251 1289 1293 1317 ac
1327 1276 1491 1316 clemen-

191 1345 268 1377 tem
302 1337 465 1377 indolem
488 1368 499 1387 ,
532 1349 602 1388 qua
636 1349 720 1389 erga
754 1337 933 1377 subiee'tos
964 1339 1125 1390 populos
1154 1348 1194 1378 et
1228 1339 1324 1392 ipfiie
1342 1348 1488 1378 vteren-

192 1408 278 1451 tur,
310 1411 491 1452 quamque
530 1399 672 1438 maritis
722 1400 1009 1451 imperatoribus
1055 1401 1278 1453 inspirarent.
1365 1403 1491 1454 Atque

190 1461 282 1503 haec
313 1462 408 1502 ratio
440 1461 518 1500 talis
551 1461 728 1513 videtur,
761 1475 874 1514 qnam
908 1462 973 1502 fibi
1005 1475 1171 1516 arrogare
1205 1476 1336 1503 omnes
1363 1464 1494 1517 Augu-

191 1525 264 1564 stae
298 1524 462 1578 poss‘ent:
498 1522 557 1563 fed
588 1523 641 1563 illi
674 1533 803 1564 tamen
836 1534 922 1564 ante
954 1535 1091 1566 ceteras
1128 1526 1274 1578 placere
1303 1526 1363 1566 hic
1383 1537 1493 1579 typus

191 1587 390 1636 debuerat,
421 1598 513 1639 qnae
546 1584 580 1624 se
610 1588 708 1625 notis
741 1586 929 1626 Herculeis
981 1588 1180 1628 terribilem
1233 1589 1362 1628 fecerat
1382 1622 1392 1641 ‚
1444 1599 1489 1629 vt

191 1660 336 1688 metum
372 1649 469 1689 hunc
501 1649 685 1688 eximeret
704 1681 714 1701 ,
747 1650 1047 1703 clementemque
1069 1651 1100 1691 le
1120 1661 1156 1690 et
1175 1652 1375 1704 benignam
1397 1664 1486 1691 ven-

190 1712 332 1751 ditaret.

305 1775 480 1814 Pernenio
513 1774 665 1814 tandem
699 1775 744 1814 ad
779 1775 863 1815 illud
886 1808 897 1826 ,
930 1775 1028 1828 qnod
1063 1787 1169 1815 meae
1210 1777 1411 1816 sententiae
1429 1778 1493 1819 vel

190 1838 364 1876 maxime
398 1836 575 1876 aduerffin
612 1837 771 1877 videtur.
840 1837 987 1877 Scilicet
1019 1838 1119 1877 illam
1154 1836 1346 1879 Galeriam
1381 1840 1492 1880 Vale-

192 1899 280 1938 riam
306 1932 316 1949 ,
347 1911 438 1951 quae
471 1902 515 1938 ad
550 1898 833 1940 Maximianum
870 1900 1094 1939 Herculeum
1134 1903 1320 1953 pertinet,
1358 1915 1492 1944 omnes

194 1974 271 2000 vno
301 1974 363 2000 ore
396 1961 726 2002 EVTROPIAM
762 1963 869 2000 tertio
904 1964 1060 2001 nomine
1094 1964 1306 2015 appellant:
1342 1967 1490 2005 citatur-

193 2035 262 2074 qne
296 2036 316 2062 a
349 2023 597 2065 Mediobarbo
630 2034 669 2063 et
703 2023 892 2064 Eandurio
934 2038 1094 2074 numus,
1148 2028 1204 2065 sen
1237 2028 1361 2080 potius
1412 2040 1490 2079 pars

760 2089 801 2127 X
835 2098 862 2125 x
897 2097 918 2134 3
1356 2091 1492 2142 numi,
