2020 2668
475 119 564 152 202
754 102 1329 153 ANJMADVERSIONES
1361 104 1509 149 VARI
1512 104 1592 149 ΑΕ

470 224 564 266 dum
599 223 736 278 reliqui
770 223 883 275 longe
915 220 1142 276 amplissima
1181 218 1372 274 superficie
1420 220 1541 261 nullae
1589 218 1787 275 conspice·

470 299 613 330 rentur.
679 286 865 328 Similiter
909 298 978 341 per
1025 286 1201 326 interiora
1245 285 1401 325 vberum
1443 283 1676 325 manifestum
1722 289 1789 327 de·

470 351 615 393 sectum
651 350 889 405 pinguedinis
927 350 1029 391 fuine
1066 349 1337 390 obieruandum
1368 348 1451 401 est3
1500 361 1543 388 ac
1584 360 1626 389 eii
1670 347 1789 391 cauffii

473 427 554 455 non
586 413 705 455 solum
747 415 872 464 intra,
912 412 972 454 sed
1012 423 1118 454 extra
1158 424 1296 466 aquam
1348 423 1529 466 perquam
1563 411 1668 452 fiicile
1697 426 1791 453 con-

472 476 641 532 spicuum
675 486 755 518 erat
774 508 787 528 ‚
818 488 891 531 qua
923 476 1132 531 frequentia
1151 509 1161 527 ‚
1194 489 1270 529 quo
1301 477 1430 516 oidine
1457 508 1467 527 ,
1509 487 1580 528 qua
1610 477 1792 530 amplitu-

477 541 566 582 dine
585 574 596 594 ‚
627 553 701 596 quo
733 542 893 595 denique
925 552 1024 580 nexu
1044 573 1055 592 ,
1093 540 1268 581 vesiculae
1300 551 1321 578 a
1356 539 1484 580 multis
1518 540 1642 593 iiiique
1683 543 1793 580 dam·

475 617 582 645 natae
603 638 614 657 ,
660 614 811 646 naturae
860 603 1015 645 consilio
1065 616 1134 659 per
1176 602 1388 644 vniuersam
1437 601 1673 644 substantiam
1720 602 1793 645 siut

473 668 651 710 intextae.

593 734 651 775 At
679 731 857 774 credibile
890 741 1018 773 tamen
1054 730 1137 780 est,
1171 730 1272 785 quod
1308 728 1482 772 nonnulli
1512 730 1701 782 erinacei,
1743 730 1796 772 ob

475 796 746 838 alimentorum
779 797 980 849 regionum
1014 806 1052 836 et
1084 804 1304 847 temporum
1340 794 1611 847 ditierfitatem,
1653 794 1796 836 nostro-

476 873 563 901 rum
596 858 787 901 dissimiles
818 871 861 899 ·ac
895 861 1112 913 pinguiores
1143 858 1397 908 inueniantur,
1417 858 1467 897 ob
1485 871 1599 911 quam
1619 857 1798 910 caussam,

479 936 549 978 pet·
581 924 796 977 implexum
831 922 1067 976 pinguedinis
1102 922 1160 962 vel
1195 933 1263 974 per
1295 921 1564 973 plenitudinem
1601 920 1799 972 vasorum,

478 987 660 1028 vesiculae
690 986 738 1027 iic
769 986 955 1026 obductae
987 986 1097 1038 sunt,
1140 993 1184 1025 vt
1223 984 1365 1037 globuli
1406 984 1546 1037 adiposi
1587 985 1800 1038 duntaxat,

477 1063 522 1093 ac
556 1051 638 1091 vasa
670 1049 825 1105 spec'tari
859 1049 1020 1103 possint:
1055 1059 1133 1103 quo
1168 1047 1287 1100 magis
1318 1047 1408 1088 hinc
1443 1047 1676 1100 perspicuum
1711 1047 1765 1088 est
1785 1079 1798 1100 ,

476 1128 544 1156 cur
574 1115 612 1154 in
645 1114 758 1154 variis
788 1124 897 1153 antea
932 1114 970 1153 in
1011 1113 1137 1153 lucem
1187 1111 1299 1152 editis
1344 1109 1651 1163 descriptionibus
1701 1110 1802 1152 vesi-

477 1179 610 1219 cularis
641 1176 815 1217 structura
848 1176 1036 1216 viscerum
1068 1173 1205 1215 omiffa
1238 1172 1369 1224 fiierit,
1404 1174 1444 1213 in
1483 1173 1615 1226 quibus
1656 1183 1803 1214 cetero·

478 1243 568 1296 quin
603 1241 723 1283 multa
758 1239 855 1280 lectu
886 1239 1095 1292 dignissima
1115 1271 1126 1290 ‚
1168 1250 1212 1279 ac
1254 1237 1294 1278 in
1330 1237 1385 1278 rei
1418 1239 1653 1278 anatomicae
1683 1237 1801 1280 incre-

480 1315 659 1346 mentum
695 1303 878 1344 vtilissima
899 1333 910 1352 ‚
943 1302 1132 1343 obseruata
1162 1301 1257 1343 sunt.

598 1367 685 1407 Hoc
717 1369 819 1407 idem
854 1365 1031 1407 iudicium
1076 1367 1154 1405 iure
1194 1365 1407 1418 meritoque
1458 1364 1497 1404 in
1530 1363 1627 1405 alind
1667 1376 1806 1420 corpus

481 1431 690 1472 vesiculoso
721 1429 982 1485 glandiilosum
1015 1431 1052 1469 in
1093 1430 1272 1470 erinaceis
1322 1429 1462 1482 pariter
1491 1429 1624 1469 cadere
1644 1461 1654 1480 ,
1693 1442 1807 1471 nem·

484 1509 534 1549 pe
567 1496 604 1535 in
636 1495 796 1547 capliilas
829 1493 1020 1535 seminales
1040 1526 1050 1544 ,
1085 1492 1287 1534 verisimile
1319 1494 1429 1533 nobis
1449 1493 1567 1532 visum
1595 1492 1805 1547 est,quan-

480 1560 532 1599 do
567 1571 588 1599 a
625 1557 812 1608 Cunero,
846 1557 1117 1599 accuratissimo
1134 1558 1218 1598 alias
1252 1557 1503 1607 anatomico,
1538 1554 1802 1609 scriptumest,

484 1623 549 1664 vbi
579 1623 780 1678 deserentIa
813 1617 907 1675 vasa
939 1625 1187 1662 terminantur
1227 1623 1325 1662 inter
1355 1621 1493 1661 rec‘lum
1531 1619 1732 1672 intestinum
1765 1625 1803 1661 et

483 1688 645 1743 «vesscam
678 1687 891 1727 vrinariam
907 1718 917 1737 ,
949 1697 1033 1725 eoue
1066 1687 1103 1726 in
1134 1684 1209 1726 Ioco
1227 1717 1238 1736 ,
1271 1685 1308 1725 in
1343 1695 1411 1738 quo
1443 1685 1482 1723 in
1514 1681 1616 1724 nobis
1646 1682 1807 1739 varii-ost

486 1751 634 1805 adfines
666 1749 830 1790 collocati·
849 1745 936 1803 sunt
956 1781 967 1800 ,
1008 1749 1285 1804 reperieban‘ur
1291 1746 1493 1802 glandulae
1526 1743 1697 1794 carnosae
1727 1754 1808 1788 tres

475 1813 571 1865 satis
605 1827 780 1864 magnae,
813 1821 849 1853 et
883 1814 982 1854 larii
1015 1812 1220 1867 ligamentis
1257 1814 1415 1853 invicem
1445 1809 1701 1861 cohaerentes,
1729 1810 1804 1851 nul-

485 1877 524 1918 la
554 1877 731 1932 praedita
765 1880 937 1918 cauitate.
1007 1877 1201 1933 Quidnam
1233 1877 1337 1916 enim
1371 1876 1468 1915 aliud
1500 1875 1549 1914 de
1589 1874 1653 1914 ista
1688 1874 1807 1914 hallu-

487 1942 671 1982 cinatione
703 1941 810 1980 nobis
844 1942 1078 1981 indicandum
1114 1941 1166 1982 est
1187 1971 1199 1988 .
1243 1939 1308 1980 nisi
1343 1939 1443 1993 quod
1478 1947 1560 1977 ium
1605 1938 1810 1989 temporis,

487 2006 534 2046 ab
563 2006 689 2057 ignota
733 2017 947 2059 quacunque
987 2004 1132 2055 cinnii,
1170 2002 1374 2043 vesicularis
1407 2000 1603 2041 striidhime
1642 2011 1682 2039 ac
1716 2012 1805 2041 eam

486 2069 806 2123 componentium
857 2081 1058 2109 caucarum
1109 2067 1262 2124 pristina
1311 2067 1424 2107 sacies
1484 2064 1623 2105 abolita
1673 2064 1809 2104 fucrit:

1712 2127 1813 2169 vnde
