2020 2668
493 144 582 193 3ιὸ
651 137 734 183 DE
766 130 1234 181 ELECTRICHATE
1271 135 1332 177 m
1366 130 1723 178 CORPORIBVS

491 267 580 297 neas
611 267 632 294 a
665 252 864 307 parietibus
896 248 990 290 vasis
1021 258 1213 290 remotum
1250 247 1321 288 esse
1373 247 1485 289 debet
1517 259 1563 287 nc
1597 246 1689 300 ignis
1729 257 1822 286 con-

497 330 654 375 crepans
685 317 887 358 excitetur.

866 415 1165 497 Experim.
1207 412 1433 473 XXIX.

615 548 650 598 ξ.
676 557 746 587 10.
780 546 1032 589 Electrificaui
1070 558 1143 596 24.
1197 545 1309 584 libras
1339 542 1440 584 Ruffi
1494 554 1608 596 vsque
1641 542 1734 583 dum
1767 542 1822 582 in-

499 614 576 655 dex
617 611 871 653 elcstricimus
920 610 1131 651 ostenderet
1181 621 1236 662 gr.
1276 617 1344 654 13.
1379 616 1418 646 et
1449 607 1583 647 deinde
1635 607 1673 647 in
1707 604 1822 646 resina

498 678 595 719 stans
613 709 624 728 ,
657 686 699 716 vt
732 675 894 715 minima
927 674 1095 714 distantia
1114 671 1402 712 extremitatum
1424 671 1565 723 pedum
1585 682 1606 709 a
1625 669 1824 723 parietibus

499 741 591 782 vasis
623 739 739 792 lignei
773 737 860 779 essct
894 739 1005 778 vuius
1035 737 1143 791 digiti
1165 764 1176 786 ‚
1199 735 1305 788 tetigi
1337 732 1443 774 filum
1478 733 1637 774 ferreum
1656 733 1824 773 deriuans

500 804 788 846 electricitatem
824 812 863 842 ct
895 800 1037 842 recessit
1070 802 1184 842 index
1217 799 1262 839 ad
1295 811 1351 852 gr.
1388 811 1429 848 9.
1464 796 1613 838 Deinde
1652 809 1768 837 manu
1803 807 1825 836 a

501 867 570 910 filo
601 867 721 908 ferreo
753 877 904 906 remota
939 866 1045 918 tetigi
1078 875 1217 918 corpus
1248 862 1469 903 deriuatiuae
1499 860 1751 901 electricitatis
1769 860 1826 900 in-

503 929 636 973 finitae
684 929 938 969 connexionis
971 939 1010 968 et
1042 928 1169 982 postea
1190 927 1305 968 rursus
1323 926 1427 979 tetigi
1463 923 1571 965 filum
1591 923 1754 964 ferreum
1788 933 1827 963 et

503 991 646 1036 receffit
677 992 793 1032 index
825 991 872 1031 ad
903 1004 961 1044 gr.
998 994 1040 1029 6.
1093 992 1237 1030 temoni
1296 998 1340 1027 vt
1372 990 1472 1041 prius
1515 999 1671 1027 manum
1706 999 1727 1026 a
1759 985 1827 1026 filo

506 1056 630 1099 ἕπεο
661 1064 701 1094 et
733 1053 841 1108 tetigi
883 1053 995 1095 rursus
1045 1065 1180 1107 corpus
1210 1051 1435 1093 deriuatiuae
1465 1050 1711 1090 elee'tricitatis
1743 1048 1828 1090 infi-

506 1120 609 1161 nitae
650 1117 800 1158 virtutis
830 1126 867 1157 et
901 1115 1017 1157 rursus
1048 1116 1234 1170 adplicaui
1263 1115 1424 1168 digitum
1458 1113 1505 1154 ad
1540 1113 1648 1154 filum
1668 1113 1827 1154 ferreum

506 1191 545 1223 et
575 1178 714 1223 neeeffit
748 1178 863 1220 index
895 1180 942 1220 ad
975 1190 1029 1232 gr.
1069 1192 1110 1229 3.
1147 1178 1223 1218 hoc
1255 1177 1493 1227 continuaui,
1527 1188 1642 1229 vsque
1660 1177 1750 1217 dum
1771 1176 1829 1215 in-

506 1246 585 1287 dex
634 1243 829 1284 recederet
862 1241 907 1283 ad
942 1254 996 1295 gr.
1041 1254 1084 1281 0.
1115 1252 1153 1282 et
1187 1241 1391 1295 adplicaret
1422 1238 1456 1279 se
1489 1239 1640 1293 regulae
1691 1239 1831 1280 ferreae

509 1309 633 1365 quod,
652 1317 825 1362 repetens
841 1305 981 1359 fi1epius
997 1307 1304 1359 experimentum
1316 1336 1327 1356 ‚
1346 1313 1481 1358 quarto
1500 1303 1600 1343 tastu
1624 1303 1831 1344 eueniebat.

625 1368 757 1413 Schol.
770 1367 918 1423 Corpus
934 1369 1157 1410 deriuatiuae
1175 1368 1422 1409 eletstricitatis
1441 1367 1608 1407 infinitae
1625 1367 1832 1407 connexio-

514 1436 573 1479 nis
603 1435 656 1476 est
690 1433 787 1475 mihi
820 1445 956 1486 corpus
989 1433 1210 1473 deriuatiuae
1251 1431 1498 1471 elce'tricitatis
1546 1430 1708 1471 fortioris
1742 1442 1835 1470 con-

509 1511 656 1542 nexum
688 1510 780 1539 cum
815 1497 892 1538 aliis
923 1496 1147 1537 deriuatiuae
1181 1494 1432 1537 elestricitatis
1463 1494 1662 1548 capacibus
1680 1495 1718 1535 in
1744 1493 1833 1535 infi-

512 1564 649 1605 uirum.

922 1620 1214 1701 Experim.
1250 1619 1445 1679 XXX.

631 1750 885 1809 Quadraginta
919 1750 1016 1790 libris
1050 1749 1150 1792 Russ‘.
1188 1750 1293 1790 simul
1325 1749 1462 1790 resinae
1499 1747 1682 1801 impositis
1701 1747 1835 1801 repetii

520 1818 828 1890 experimenotnm
847 1848 858 1866 ,
876 1815 1005 1869 ptimo
1024 1814 1122 1854 tactu
1142 1812 1281 1854 reccssit
1300 1814 1415 1854 index
1434 1825 1454 1852 a
1472 1825 1524 1866 gr.
1552 1823 1568 1850 1
1581 1823 1620 1859 3.
1641 1812 1686 1852 ad
1713 1824 1768 1865 gr.
1812 1817 1833 1852 8

710 1891 735 1917 2
821 1896 1738 1910 ------------
1809 1885 1830 1922 5

711 1937 755 1989 3⁸
826 1966 842 1976 ·
905 1964 922 1974 -
983 1966 999 1972 -
1074 1966 1089 1973 -
1151 1963 1168 1973 -
1233 1967 1244 1974 -
1315 1961 1737 1971 ------
1811 1950 1833 1975 2

711 2020 741 2055 4
828 2022 1574 2038 ----------
1814 2014 1829 2039 1

713 2079 734 2117 5
1809 2078 1836 2104 0
