2020 2668
476 128 568 171 ,34-
907 111 1075 163 m‘Mt
1107 110 1366 162 TRAIANI

409 230 411 232 ’
476 230 545 273 dos
575 240 640 271 eos
672 238 808 270 numos
826 259 838 280 ,
871 228 936 284 qui
969 229 1158 285 Augustos
1182 229 1346 284 aliosque
1373 227 1519 272 illustres
1551 229 1683 282 viros,
1708 243 1801 287 quos

478 291 765 347 steqrientiffime
797 292 989 335 imberbes
1017 293 1239 348 adspicimus
1257 326 1269 346 ,
1310 305 1400 334 cum
1434 294 1546 335 barba
1587 294 1806 350 spectandos

482 356 677 398 offerunt:
710 368 847 397 verum
881 357 1006 410 potius
1037 358 1149 409 illos,
1184 357 1211 398 si
1229 367 1352 398 cetera
1369 357 1590 412 antiquitatis
1617 369 1655 400 et
1675 360 1806 412 genui-

482 419 610 462 nitatis
664 418 764 474 signa
796 418 969 464 addicant
989 453 1000 473 ‚
1033 421 1130 462 inter
1159 420 1386 474 pretiosiores
1417 421 1486 462 elle
1536 423 1804 476 reponendos:

483 495 600 538 quum
634 483 723 524 nulli
754 483 830 525 stne
862 484 963 537 graui
995 485 1136 526 ratione
1167 484 1312 537 procusi
1354 482 1454 526 ssnt:
1505 497 1618 539 quam
1668 486 1806 540 vbique

484 547 733 601 reperiremus
754 579 765 598 ,
798 546 825 589 si
856 547 1009 588 illorum
1041 557 1263 601 temporum
1315 545 1492 588 historiae
1543 549 1728 603 pleniores
1759 547 1807 590 ad

485 622 555 652 nos
588 608 867 664 peruenissent3
918 610 1241 665 quemadmodum
1284 611 1323 652 in
1362 609 1537 665 aliquibus
1585 612 1675 653 dare
1723 612 1812 653 licet

485 674 652 715 omnino
690 673 998 728 irrefragabilem.

604 737 723 780 Dabo
756 737 947 779 dictorum
981 737 1249 792 probationem
1283 747 1321 778 et
1352 737 1636 780 illustrationem
1659 771 1670 791 ‚
1720 749 1811 793 quae

487 799 655 843 sufficere
688 800 824 856 possit:
863 801 996 842 deinde
1029 801 1075 842 ad
1109 801 1348 856 propositum
1368 801 1521 842 Traiani
1542 814 1703 844 numum
1723 813 1818 856 pro·

490 866 652 920 grediar.
717 863 854 907 Nemo
883 865 1060 917 dubitat,
1094 866 1182 919 quin
1216 865 1371 917 Augusti
1401 877 1496 906 aeuo
1530 866 1699 907 Romani
1728 865 1815 906 bar-

493 930 557 970 bas
587 929 653 970 fibi
687 928 860 969 radendas
890 929 1115 970 curauerint.
1181 928 1296 984 Quod
1330 941 1424 968 vero
1456 929 1616 969 laudatus
1640 930 1813 983 princeps

493 992 542 1033 ab
575 991 650 1034 hoc
685 1003 795 1032 more
827 1003 905 1032 non
939 992 1078 1032 alicnus
1109 990 1216 1031 suerit
1237 1023 1247 1041 ,
1280 992 1421 1044 insuper
1453 1002 1573 1031 certos
1615 1004 1683 1032 nos
1731 991 1815 1032 red-

495 1055 552 1096 dit
584 1053 800 1096 PLINIVS
823 1087 834 1105 ,
885 1057 948 1107 qui
999 1054 1056 1094 lib.
1094 1054 1188 1096 1⁷11.
1222 1061 1305 1107 cap.
1346 1066 1415 1103 59.
1469 1053 1617 1094 scribit:
1664 1057 1815 1110 primus

495 1119 648 1158 omnium
679 1117 769 1158 radi
801 1117 958 1171 quotidie
994 1117 1141 1172 irfiituit
1174 1117 1415 1171 Africanus:
1438 1113 1594 1171 sequens
1611 1118 1714 1159 diuus
1735 1119 1816 1160 Au-

488 1181 612 1236 gastus
643 1179 769 1221 cultris
788 1176 935 1235 semper
967 1175 1052 1232 esus
1083 1179 1145 1230 cst.
1214 1179 1331 1220 Fuisse
1363 1190 1496 1220 tamen
1529 1180 1638 1232 dies,
1691 1184 1819 1223 immo

496 1246 698 1286 continuos
732 1241 872 1285 menses
891 1275 902 1295 ,
935 1243 1068 1296 quibus
1100 1241 1224 1283 cultris
1257 1254 1336 1283 non
1369 1252 1532 1283 x‘teretur
1551 1275 1562 1295 ,
1594 1243 1725 1286 testem
1765 1245 1819 1286 lu-

497 1308 692 1350 culcntum
726 1306 909 1348 habemus
941 1304 1276 1348 SVETONIVM
1308 1307 1346 1346 in
1367 1306 1517 1363 Augzfl.
1551 1315 1631 1362 cap.
1654 1307 1819 1349 xxm.

503 1373 655 1426 quando
689 1372 740 1412 ita
770 1370 874 1411 clade
905 1369 1070 1410 Variana
1119 1369 1401 1410 consternatum
1450 1381 1537 1410 eum
1588 1370 1710 1412 scribit
1731 1404 1740 1422 ,
1774 1381 1819 1413 vt

504 1448 573 1490 per
613 1435 809 1476 continuos
858 1433 1003 1474 menses
1052 1433 1206 1474 barbam
1266 1433 1520 1487 capillumque
1568 1432 1817 1476 submitteret.

505 1499 680 1553 Apparet
712 1511 785 1539 vna
820 1497 966 1550 caussa,
1001 1509 1156 1550 magnus
1192 1495 1342 1550 luctus,
1376 1508 1452 1551 quo
1470 1497 1608 1538 detenti
1634 1497 1671 1537 in
1706 1497 1819 1553 squal-

505 1563 583 1604 lore
615 1563 829 1603 manebant.

624 1627 709 1677 At,
745 1627 863 1681 inquis
883 1659 892 1676 ,
927 1625 1162 1680 probandum
1197 1625 1250 1666 est
1270 1658 1280 1677 ,
1313 1625 1411 1680 quod
1455 1625 1570 1667 luctus
1603 1626 1822 1680 significatio

513 1701 626 1744 Vsque
659 1691 703 1731 ad
740 1691 884 1744 publica
920 1701 1168 1730 monumenta
1213 1690 1434 1730 maimuerit.
1505 1690 1693 1743 liquidem
1745 1704 1824 1732 nou

510 1753 731 1808 subterfugio
782 1754 886 1794 illam
940 1753 1204 1807 probationem
1227 1785 1237 1804 ,
1273 1753 1298 1793 si
1333 1753 1429 1793 mihi
1482 1755 1708 1794 concedatur
1757 1766 1826 1795 ex·

508 1819 645 1871 amplis
676 1819 755 1858 aliis
775 1849 785 1866 ‚
816 1829 930 1871 quam
951 1829 1043 1870 quae
1078 1818 1115 1856 in
1149 1817 1244 1857 hanc
1279 1817 1421 1857 cladem
1455 1828 1689 1870 congruant,
1741 1830 1826 1859 cam

511 1881 704 1935 praestare.
772 1880 878 1922 Vero
909 1881 1014 1920 enim
1049 1880 1169 1920 fimile
1201 1880 1282 1930 est,
1317 1893 1395 1920 non
1430 1881 1578 1921 voluiffc
1619 1892 1681 1920 aut
1724 1882 1825 1933 prin·

511 1945 638 1997 cipcm
673 1946 904 1984 memoriam
942 1944 1046 1984 huius
1077 1944 1298 1984 calamitatis
1329 1956 1518 1984 aetemzim
1554 1944 1705 1984 reddere
1727 1977 1737 1995 ‚
1762 1953 1825 1984 aut

515 2006 678 2047 senatum
714 2008 865 2048 vulnera
900 2009 951 2047 rei
987 2008 1158 2060 publicae
1192 2017 1293 2046 tanta
1331 2008 1533 2060 propalare.
1599 2005 1716 2047 Dabo
1760 2009 1826 2048 ita-

516 2081 587 2124 que
621 2072 827 2125 Augustum
863 2084 935 2112 vna
953 2084 1042 2113 cum
1063 2069 1213 2125 Lepido
1231 2079 1268 2110 ct
1293 2070 1467 2112 Antonio
1488 2101 1498 2121 ‚
1517 2070 1667 2123 collegis
1696 2070 1830 2111 trium·

1737 2146 1828 2174 viris
