2020 2668
494 78 586 126 306
652 74 733 118 DE
765 68 1175 118 ELECTRICITAT
1177 69 1214 113 E
1244 69 1307 114 ΙΝ
1340 64 1713 116 CORPORIBVS

492 200 575 230 turn
609 189 835 243 ponderibus
866 185 1117 228 elestricitate
1154 182 1323 233 donatis,
1357 181 1478 223 oritur
1497 182 1589 237 ignis
1609 182 1820 224 vehemens

490 265 717 306 concrepans
749 253 810 292 die
843 251 992 292 visibilis
1022 259 1059 289 et
1093 248 1209 289 index
1242 245 1381 288 recedit
1413 256 1452 287 et
1485 246 1648 301 adplicat
1689 245 1722 286 sc
1757 257 1814 287 re-

490 316 600 370 gulae
632 314 772 356 ferreae
806 315 1002 370 pendulae.

939 421 1234 503 Experim.
1276 420 1363 480 111.

605 542 646 585 Si
678 544 806 585 homo
836 543 874 583 in
907 542 1021 583 resina
1052 541 1145 582 stans
1176 550 1215 581 et
1232 541 1426 594 adplicans
1453 551 1611 581 manum
1642 539 1815 594 sphaerae

488 609 601 650 altem
620 620 733 649 manu
753 617 857 647 tenet
876 606 1007 646 tubum
1031 605 1196 645 vitreum
1215 618 1241 645 a
1258 604 1282 644 b
1301 636 1311 655 ,
1330 606 1394 659 qui
1414 617 1483 658 per
1499 605 1576 645 duo
1603 604 1817 644 orichalcea

490 674 667 725 prismata
685 685 706 712 c
724 681 762 711 et
782 671 810 711 d
824 669 952 711 transit
970 702 980 720 ,
998 681 1158 722 quorum
1177 667 1206 708 d
1221 667 1363 709 mobile
1381 668 1432 708 est
1453 699 1465 719 ,
1483 678 1521 707 et
1540 667 1702 720 adplicat
1722 668 1813 720 pris-

487 737 603 778 mad
620 735 686 775 filo
705 733 825 774 terreo
842 733 1022 774 deriuanti
1040 731 1326 772 electricitatem
1346 764 1357 784 ‚
1389 732 1512 785 digito
1530 732 1670 784 prisma
1688 744 1709 772 c
1729 741 1815 770 tan-

488 811 581 853 gens
615 798 927 851 elestricitateque
959 795 1143 850 producta
1177 805 1214 835 et
1246 796 1368 835 indice
1403 796 1619 836 ostendente
1655 795 1816 848 gradum

491 871 545 912 25
560 896 570 915 ,
591 863 732 917 premit
751 860 1109 915 parallelepipedum
1128 859 1156 899 d
1172 857 1290 899 versus
1306 859 1463 899 alterum
1483 872 1504 899 c
1522 858 1648 898 sensim
1669 890 1679 910 ,
1699 859 1737 898 in
1757 857 1815 897 di-

486 926 619 967 stantia
653 936 808 978 quatuor
841 925 1018 964 linearum
1054 923 1239 962 interdum
1275 923 1369 963 octo
1399 924 1519 962 oritur
1551 921 1700 962 scintilla
1718 933 1813 961 cou-

485 1001 641 1042 crepans
675 987 884 1027 vehemens
916 995 955 1026 et
992 985 1106 1025 index
1139 985 1353 1024 obseruatur
1386 987 1557 1024 recedere
1589 985 1634 1024 ad
1654 996 1708 1037 gr.
1738 986 1810 1023 16.

484 1052 698 1093 obsematur
729 1051 846 1090 etiam
882 1048 990 1102 saepe
1023 1047 1089 1088 lux
1122 1048 1261 1088 radiata
1301 1048 1463 1088 coerulei
1501 1048 1640 1088 coloris
1687 1047 1814 1087 conti-

486 1127 566 1155 nuo
599 1115 717 1155 fluens
749 1125 800 1153 cx
832 1123 996 1165 corpore
1027 1110 1272 1151 elee'trificato
1313 1111 1412 1150 inter
1463 1111 1642 1164 prismata
1661 1143 1672 1161 ,
1721 1122 1811 1150 cum

486 1177 641 1218 stridore
659 1187 696 1216 et
715 1175 850 1216 sussuro
871 1206 882 1225 ,
900 1174 1029 1214 odoris
1048 1205 1059 1224 ,
1078 1172 1284 1226 phosphori
1303 1172 1451 1213 andii
1471 1174 1610 1213 fimilis.
1645 1171 1814 1214 Cessante

485 1251 597 1281 motu
617 1250 721 1281 rotae
741 1270 753 1290 ‚
782 1239 808 1280 si
826 1236 1073 1292 propinquius
1106 1236 1271 1276 redditur
1290 1236 1431 1290 prisma
1450 1236 1479 1276 d
1493 1236 1662 1290 prismati
1681 1250 1702 1277 c
1721 1269 1731 1287 ,
1766 1246 1811 1276 vt

483 1304 654 1346 distantia
673 1303 715 1344 fit
731 1314 765 1343 e.
789 1315 829 1355 g.
849 1302 962 1342 trium
983 1300 1166 1340 linearum
1185 1297 1304 1340 ferme
1325 1332 1335 1351 ,
1355 1299 1493 1339 iterum
1514 1299 1633 1339 oritur
1658 1299 1809 1340 scintilla

482 1368 545 1409 sed
577 1366 801 1408 imbecillior
839 1376 879 1405 et
910 1364 1028 1404 index
1054 1363 1192 1404 recedit
1228 1364 1275 1404 ad
1308 1363 1499 1404 minorem
1518 1362 1676 1415 gnidum
1696 1376 1730 1402 e.
1750 1376 1807 1417 gr.

484 1441 528 1481 7.
562 1432 715 1472 tandem
749 1430 927 1482 prismate
961 1440 983 1469 c
1016 1426 1156 1480 prisma
1191 1426 1221 1467 d
1247 1427 1488 1480 contingente
1506 1426 1729 1467 eleetricitas
1749 1437 1808 1467 to-

481 1505 522 1536 m
554 1494 717 1535 aufertur
749 1502 787 1532 et
822 1492 937 1533 index
969 1491 1067 1531 redit
1099 1490 1146 1530 ad
1177 1502 1233 1543 gr.
1269 1501 1312 1529 ο.
1343 1491 1433 1543 quin
1454 1489 1519 1542 ipsi
1538 1490 1686 1542 regulae
1705 1489 1739 1530 L
1759 1489 1806 1532 M

482 1560 516 1599 fe
547 1559 721 1612 adplicat.
784 1554 824 1597 Si
857 1554 1009 1596 cochlea
1041 1553 1208 1594 foemina
1240 1565 1289 1594 ex
1324 1553 1481 1593 metallo
1522 1553 1641 1594 ambit
1687 1553 1809 1594 coch-

482 1622 582 1662 leam
617 1632 761 1661 marem
795 1631 847 1660 ex
876 1620 1010 1669 vitro,
1043 1629 1095 1657 ex
1129 1629 1293 1657 numero
1342 1616 1619 1657 reuolutionum
1671 1617 1806 1659 melius

482 1685 651 1726 distantia
684 1683 866 1724 iudicatur
885 1715 895 1733 ,
930 1681 993 1722 vel
1026 1681 1053 1722 si
1087 1681 1125 1720 in
1160 1681 1441 1735 propinquitate
1459 1680 1632 1733 corporis
1659 1680 1808 1722 electri-

482 1749 618 1791 ficandi
648 1747 795 1788 fulcitur
826 1744 979 1787 cochlm
1013 1743 1179 1786 foemina
1198 1777 1209 1796 ,
1231 1757 1298 1798 per
1315 1756 1428 1799 quam
1456 1744 1589 1784 cohlea
1607 1757 1686 1785 mas
1704 1754 1806 1785 tran-

482 1812 527 1853 fit
547 1844 558 1861 ‚
593 1812 731 1865 pariter
763 1822 817 1851 ex
856 1820 1016 1850 numero
1054 1808 1333 1850 reuolutionum
1384 1806 1553 1850 distantia
1585 1820 1609 1849 a
1639 1819 1806 1863 corpore

482 1874 766 1920 ‘leatificando
799 1871 1012 1915 innotescit.

1592 2093 1658 2137 Ex
1660 2085 1802 2151 periit.
