2020 2668
487 121 572 171 29⁶
732 115 814 159 DE
847 111 1148 157 ΤιΝσι-νκιε
1181 110 1596 158 METALLORVM.

481 231 571 273 barn
606 228 746 283 argenti
799 225 1042 268 arsenicalem
1073 237 1140 279 per
1172 223 1318 265 menses
1348 224 1387 265 in
1419 237 1528 266 arena
1572 222 1795 278 digesserat,

479 297 575 349 ignis
606 294 764 346 gradum
796 289 981 330 eiusmodi
1014 289 1314 339 subministrans,
1346 300 1422 342 quo
1460 287 1666 328 arsenicum
1685 321 1696 340 ,
1731 299 1795 328 ae-

480 359 648 411 gerrime
676 355 832 408 quidem
865 352 1052 392 sublimari
1086 351 1220 406 potest.
1283 351 1390 392 Tum
1423 363 1622 404 argentum
1644 384 1654 402 ‚
1689 351 1796 390 vola-

479 420 534 460 tili
569 420 633 459 illo
662 429 825 471 corpore
858 417 895 456 in
939 427 1043 455 auras
1090 416 1317 466 recedente,
1353 416 1391 454 iu
1429 416 1550 454 tenuia
1601 414 1798 454 filamenta

483 481 701 523 disti·ac”tum
737 480 804 520 est.
871 479 1039 533 Vtraque
1071 479 1303 532 experientia
1354 477 1707 531 homogeneitatem
1741 489 1800 518 ar-

483 545 593 587 senici
626 556 718 584 cum
753 553 909 596 argento
943 553 982 582 et
1013 554 1132 595 cupro
1165 553 1242 580 nou
1274 540 1425 581 obscure
1460 541 1608 581 indicat.

600 608 631 656 §.
662 620 730 658 24.
754 606 850 648 Non
871 607 1050 658 exiguum
1072 604 1362 644 firmamentum
1382 603 1518 643 affizrtis
1544 604 1601 658 (§.
1627 601 1800 659 20-23)

481 673 566 714 inde
597 671 749 712 affertur
769 702 778 720 ,
798 669 896 722 quod
918 668 1066 721 sulphur
1083 678 1122 707 et
1143 666 1346 707 arsenicum
1365 667 1496 720 largius
1516 668 1677 708 metallis
1715 680 1799 721 per·

483 736 666 776 fusionem
687 734 807 774 addita
827 764 838 784 ‚
865 732 1117 772 duCtilitatem
1139 742 1270 770 eorum
1293 729 1434 783 prorsus
1462 729 1677 783 insiiuguut.
1748 730 1802 771 Et

481 799 568 840 hinc
581 797 775 850 Regulum
787 793 1203 846 Antimouii,Ziucum
1230 803 1269 833 et
1280 793 1524 833 Wismutum
1546 795 1598 834 uil
1615 794 1710 834 aliud
1731 794 1803 834 effe

486 862 715 915 suspicamur
735 891 745 910 ,
790 871 900 912 quim
939 857 1087 898 metalla
1107 858 1230 897 nimio
1248 856 1417 910 sulphure
1437 856 1494 896 vel
1519 856 1683 897 arseuico
1700 889 1711 908 ,
1741 865 1803 897 aut

481 936 642 978 Vtroque
661 922 767 963 simul
786 922 952 962 intimius
969 933 1054 960 cum
1075 921 1117 960 iis
1137 919 1288 969 iuutsto,
1307 929 1458 960 onerata
1475 930 1513 958 et
1534 919 1671 973 fragilia
1691 920 1798 961 fasta.

601 987 622 1035 §
665 997 734 1033 25.
770 985 966 1040 Quoniam
986 994 1110 1023 autem
1130 984 1173 1022 ad
1205 983 1390 1034 fulgorem
1409 983 1687 1023 conciliandum
1726 996 1802 1024 uon

485 1062 619 1104 parum
639 1049 780 1089 confert
799 1079 810 1097 ,
830 1048 946 1087 etiam
966 1046 1162 1098 aequabilis
1200 1045 1360 1098 partium
1400 1046 1594 1098 dispositio
1614 1079 1624 1097 ,
1659 1059 1727 1099 qua
1747 1059 1804 1087 ra-

482 1114 531 1154 dii
553 1112 632 1152 solis
651 1111 810 1163 paralleli
833 1109 1093 1158 reflectuntur,
1113 1110 1301 1160 magisque
1321 1107 1478 1160 fulgent,
1499 1122 1611 1162 quam
1631 1108 1770 1150 consuli
1790 1123 1802 1162 ·,

484 1175 587 1216 vnde
605 1174 747 1214 mirum
769 1184 841 1212 nou
861 1172 913 1212 est
932 1170 1141 1223 supradietis
1157 1169 1411 1210 semimetalhs
1446 1171 1633 1224 fulgorem
1671 1182 1806 1213 vtcun·

489 1251 560 1293 que
578 1235 790 1277 conseruari
811 1266 823 1286 ,
842 1235 1010 1288 quamuis
1027 1233 1125 1273 nulla
1145 1233 1352 1274 duftilitate
1369 1234 1532 1287 amplius
1545 1235 1740 1287 gaudeant.

606 1294 643 1341 §.
670 1303 739 1338 26.
779 1298 840 1338 Ad
873 1298 966 1338 haec
1007 1298 1137 1336 omnia
1178 1296 1370 1336 dilucidius
1419 1298 1648 1350 exponenda
1699 1310 1806 1352 atque

490 1364 638 1407 firmius
689 1361 972 1402 demonstranda
1014 1362 1119 1413 plura
1152 1360 1337 1412 quidem,
1391 1371 1429 1399 et
1465 1360 1560 1400 forte
1604 1373 1677 1400 non
1720 1363 1807 1402 alias

488 1438 655 1480 vnquam
689 1434 823 1465 tentata
845 1457 854 1475 ‚
885 1423 1056 1464 conferre
1092 1423 1311 1476 possemus,
1367 1435 1460 1475 quae
1503 1424 1581 1463 iam
1623 1435 1708 1465 autc
1741 1426 1806 1466 ali-

490 1501 582 1544 quot
613 1501 731 1529 anuos
765 1489 898 1529 animo
929 1496 1114 1539 concepta
1164 1486 1378 1538 habemus,
1433 1498 1571 1526 verum
1625 1490 1805 1540 quoniam

491 1553 719 1595 laboratorio
756 1551 791 1594 C
798 1551 954 1602 hymico
971 1550 1203 1590 destituimur
1224 1546 1286 1603 (³¹³)
1307 1581 1317 1598 ,
1347 1549 1433 1588 ideo
1451 1562 1539 1590 cum
1573 1550 1618 1589 ab
1641 1552 1721 1604 ipsi>
1739 1564 1804 1591 ex-

490 1616 710 1671 perimentis
745 1614 972 1654 iuslitueudis
1007 1613 1289 1666 prohibemur,
1322 1622 1401 1652 tum
1435 1613 1552 1653 ctiam
1587 1615 1809 1655 deducendis

493 1681 576 1721 inde
611 1679 842 1732 argumentis
882 1689 1060 1717 caremus.

577 1744 580 1747 '
607 1743 643 1791 §.
670 1753 740 1790 27.
775 1740 960 1797 Quamuis
991 1750 1117 1780 autem
1151 1737 1331 1779 uoshaud
1353 1738 1495 1789 lateat,
1529 1739 1691 1793 plurima
1719 1754 1809 1795 pro-

497 1808 586 1848 stare
621 1806 909 1858 experimenta,
953 1804 1083 1857 quibus
1130 1803 1334 1842 ostenditur
1386 1804 1521 1843 modus
1573 1803 1735 1856 sulphura
1769 1815 1808 1845 et

497 1870 674 1910 tincturas
709 1867 951 1908 metallorum
987 1867 1204 1906 extrahendi
1226 1898 1236 1916 ,
1270 1865 1368 1918 quod
1390 1866 1515 1905 videre
1540 1865 1592 1906 cst
1615 1868 1650 1906 iu
1672 1868 1810 1920 scriptis

495 1932 544 1972 ls.
582 1931 757 1971 Hollaudi
801 1941 840 1970 et
875 1931 911 1970 in
947 1928 1040 1969 Diis.
1075 1927 1175 1970 Clar.
1233 1928 1318 1968 Pott
1364 1929 1413 1969 de
1448 1928 1675 1981 sulphuribus
1727 1943 1810 1970 uie-

1620 1993 1804 2034 mitorum.

641 2064 692 2097 (Η
720 2066 826 2103 Nempe
852 2066 961 2105 quaudo
985 2068 1074 2104 scriptu
1096 2067 1132 2096 (Ω
1156 2067 1216 2093 lucc
1241 2065 1391 2093 differ-uuo
1417 2066 1471 2094 Λιι.
1499 2075 1590 2102 145.
1616 2068 1693 2102 Quod
1720 2076 1808 2097 umen

499 2108 668 2179 &aruzii-‚¹⁴⁵
683 2108 846 2176 2:adirigtnic
874 2108 1047 2137 Academiam
1073 2106 1192 2136 Pru-fide
1212 2104 1440 2136 Exedicmiffimo
1466 2105 1572 2135 cmm
1591 2106 1807 2147 aniuuowsky,
