2020 2668
537 110 631 156 204
809 93 1385 146 ANIMADVERSIONES
1416 99 1460 143 V
1457 97 1646 146 ARIAE

535 215 634 258 hand
667 216 890 258 immediate
924 218 961 258 in
979 226 1231 257 communem
1262 214 1392 254 vrinae
1424 224 1464 255 et
1496 213 1643 255 feminis
1680 213 1851 258 canalem

534 280 671 321 effundi
705 281 867 321 debebat
887 313 898 333 ,
930 280 1185 321 afferuandum
1208 310 1220 329 ‚
1254 290 1297 319 ac
1327 290 1402 318 vna
1433 290 1523 318 cum
1555 277 1634 318 aliis
1667 280 1854 321 nonnullis

529 354 583 384 eo
612 344 880 384 confluentibus
924 344 1144 385 humoribus
1190 342 1524 397 permiscendum:
1570 341 1710 395 igitur,
1750 343 1854 383 collo

530 407 677 447 vesicae
725 408 883 448 anterius
931 418 1064 462 aperto
1083 441 1094 461 ,
1134 419 1177 448 ac
1217 406 1295 447 (inu
1333 407 1372 447 in
1407 407 1567 460 longum
1609 404 1753 458 inciso,
1786 406 1851 447 sex

528 470 631 510 varia
665 470 808 511 orificia
837 472 935 514 circa
966 472 1132 514 eiusdem
1166 469 1323 511 fundum
1359 470 1564 525 patebant,
1605 480 1745 522 nempe
1781 482 1851 523 par

532 545 573 573 1.
617 545 698 573 vno
728 535 903 589 vtrinque
937 545 1063 577 mmm
1082 567 1093 588 ,
1131 533 1290 584 (iunctis
1330 535 1494 576 inuicem
1531 531 1763 586 capsularurn
1796 532 1850 574 se-

527 597 731 638 minalium
766 597 928 652 fimplici
958 609 1021 641 aut
1055 598 1195 654 duplici
1226 597 1414 640 emissario
1432 629 1444 649 ,
1495 610 1540 639 ac
1581 595 1730 638 testium
1762 596 1850 637 vase

525 659 738 712 deferente)
771 661 971 716 constans;
1006 662 1100 704 haec
1132 670 1335 716 propterea
1367 659 1509 703 orificia
1527 691 1540 712 ,
1580 660 1728 715 reliquis
1766 659 1848 702 sunt

526 725 716 778 ampliora
749 737 793 766 ac
827 726 1165 779 protuberantiora.
1237 723 1412 780 Sequitur
1443 737 1514 779 par
1543 718 1635 763 2dum
1662 725 1846 778 vtriusque

525 788 729 842 prostatae.
794 788 880 830 Post
898 789 991 831 haec
1009 822 1021 843 ,
1053 802 1122 844 par
1166 785 1265 837 3tium
1295 792 1392 831 intra
1425 788 1519 830 finus
1547 788 1702 844 angulos
1733 788 1849 842 paulo

525 850 631 891 altius
661 851 827 905 pofitum
845 883 858 904 ,
890 853 993 906 quod
1026 866 1049 894 e
1078 854 1239 907 quadam
1272 853 1402 905 insigni
1434 852 1607 904 glandula
1629 884 1640 904 ,
1683 852 1848 893 exterius

524 912 590 954 sub
623 923 707 955 cute
730 946 741 966 ‚
773 915 820 955 ad
853 925 1053 969 Vtrumque
1086 917 1179 957 latus
1209 916 1303 957 rce'ti
1335 915 1497 956 intestini
1528 916 1682 967 locata,
1715 925 1845 955 ortum

526 976 728 1018 trahebat:
764 978 862 1018 vnde
883 1008 895 1030 ‚
939 978 1061 1020 forma
1105 980 1223 1021 tenuis
1263 992 1307 1020 ac
1347 978 1621 1032 longitudinem
1653 977 1846 1032 glandulae

524 1039 641 1093 triplo
671 1040 887 1082 excedentis
915 1042 1048 1083 duetus
1065 1075 1078 1096 ‚
1116 1043 1158 1084 in
1187 1049 1539 1098 praememoratum
1571 1042 1691 1084 sinum
1711 1041 1845 1082 termi-

523 1103 698 1145 nabatur.
1785 1141 1790 1147 .

641 1166 697 1208 Vt
726 1167 775 1209 ad
807 1167 1026 1211 structuram
1056 1168 1298 1211 veficnlarem
1316 1178 1546 1210 reuertamur
1563 1200 1575 1221 ,
1616 1169 1664 1211 ab
1683 1181 1728 1210 ea
1746 1169 1845 1212 haud

521 1228 728 1285 discrepans
757 1231 948 1286 quoddam
983 1233 1226 1274 veneni-,irum
1258 1244 1374 1287 genus
1392 1265 1403 1284 ,
1456 1232 1494 1272 in
1536 1233 1743 1285 erinaceis,
1777 1246 1846 1287 per

521 1293 651 1346 thymi
685 1294 918 1337 substantiam
952 1297 1205 1349 glandulosam
1237 1310 1280 1338 ac
1313 1296 1408 1337 nulla
1439 1295 1617 1337 institam
1637 1297 1718 1338 labe
1743 1298 1848 1348 ,dis-

521 1368 721 1412 gregatum
755 1368 832 1399 emt
850 1391 861 1410 ,
893 1371 983 1413 quas
1012 1371 1140 1402 autem
1174 1360 1318 1401 silentio
1366 1359 1429 1401 liic
1479 1361 1843 1413 praetermittimus:

519 1433 663 1475 quippe
697 1421 910 1474 singulatim
945 1423 1149 1465 istiusmodi
1182 1424 1377 1465 mucium
1418 1423 1638 1464 vesiculares
1677 1425 1841 1466 indicare

519 1496 564 1524 ac
599 1485 827 1538 pertractare
870 1485 1072 1528 studuimus
1091 1520 1102 1538 ,
1154 1500 1310 1541 quarum
1360 1487 1512 1540 quisque
1546 1499 1615 1541 per
1646 1486 1679 1527 se
1697 1521 1708 1540 ,
1741 1488 1839 1530 nulla

520 1549 808 1602 praeparatione
840 1551 1053 1591 anatomica
1086 1550 1270 1604 spectator
1302 1549 1373 1591 esse
1405 1549 1542 1604 poss‘it:
1581 1560 1725 1604 practer
1743 1552 1840 1593 dun-

520 1620 625 1651 taxat
657 1612 751 1652 intus
766 1612 947 1654 latentem
980 1614 1227 1656 struCturam:
1258 1614 1304 1655 ad
1336 1626 1447 1668 quam
1482 1613 1720 1667 spectandam
1743 1647 1753 1666 ,
1774 1628 1838 1669 pa-

518 1686 605 1715 rum
638 1673 716 1728 spei
747 1675 958 1730 relinquunt
989 1679 1173 1729 tenuitas,
1222 1677 1382 1732 angustia
1401 1710 1413 1730 ,
1465 1678 1641 1719 mollities
1693 1678 1837 1733 aliaque

518 1736 827 1790 impedimenta:
872 1740 1046 1791 idcirco,
1095 1742 1194 1784 circa
1228 1741 1412 1783 vesiculae
1459 1753 1624 1795 corpus,
1675 1751 1714 1782 et
1743 1743 1841 1785 circa

517 1801 680 1843 eiusdem
711 1813 920 1845 anatomen
951 1805 1107 1857 euenit,
1140 1807 1240 1860 quod
1276 1806 1314 1846 in
1346 1805 1442 1846 bulla
1460 1817 1605 1859 aquea:
1640 1804 1710 1846 liae
1729 1807 1837 1847 enim

518 1864 679 1917 disrupta
699 1897 710 1916 ,
743 1878 787 1906 ac
817 1865 865 1907 sui
899 1880 1020 1909 nexus
1052 1880 1208 1924 experte
1229 1900 1242 1921 ,
1275 1870 1324 1910 de
1356 1879 1435 1910 tota
1454 1868 1611 1909 vesicula
1629 1899 1641 1918 ,
1672 1881 1714 1909 ac
1740 1870 1836 1909 cius-

517 1926 608 1966 dem
642 1928 792 1981 pristina
823 1929 940 1983 specie
959 1964 971 1982 ,
1002 1942 1042 1972 et
1075 1934 1354 1974 conditionibus
1373 1964 1384 1983 ,
1415 1934 1503 1986 quin
1536 1932 1620 1972 imo
1639 1962 1651 1981 ,
1684 1931 1762 1972 iedc
1796 1943 1836 1974 et

515 1991 705 2044 ciuitate,
740 1993 881 2034 nullum
917 1993 993 2035 scre
1027 1996 1223 2051 vestigium
1267 1995 1383 2037 oculis
1431 1994 1670 2049 spectandum
1722 1996 1832 2036 relin-

514 2054 651 2110 quitur.
721 2056 821 2116 Quas
853 2058 905 2101 ob
937 2060 1097 2115 cauma,
1147 2061 1235 2117 quid
1274 2069 1407 2102 natura
1439 2060 1539 2102 intus
1587 2058 1724 2101 molita
1757 2059 1801 2099 sit
1821 2092 1834 2111 ,

1179 2125 1189 2138 ⁴
1743 2134 1839 2165 num
