2020 2668
184 114 260 156 DE
279 111 402 156 CAL.
424 112 502 154 AC
519 109 661 153 FRIG.
681 108 892 155 EXPER.
913 107 1075 154 VARIA
1095 107 1299 152 FACTA.
1368 122 1456 161 239

165 225 267 264 idem
301 223 374 264 hoc
423 224 733 277 experimentum
775 224 812 264 in
850 221 1027 276 peculiari
1070 221 1137 263 hac
1184 221 1457 264 circumstantia

166 287 284 327 adhuc
317 287 449 326 institui
484 295 668 339 cuperet,
702 286 740 326 in
772 298 843 339 qua
874 284 974 326 calor
1007 285 1101 325 aeris
1130 284 1342 324 circumflui
1373 296 1455 324 ma·

166 350 224 389 ior
259 348 347 388 esset
377 361 488 402 quam
521 349 671 402 glaciei,
728 350 788 402 qui
826 360 896 398 32.
924 347 1092 399 gradibus
1131 348 1252 387 maior
1283 347 1356 387 effe
1389 358 1457 386 ne*

166 413 271 464 quit:
307 411 392 451 hinc
426 423 586 465 operam
619 411 702 450 dedi
723 442 733 461 ,
765 418 808 450 vt
840 411 900 451 die
938 422 1004 448 10.
1027 409 1159 451 Martii
1200 410 1284 450 anni
1323 419 1452 459 1744.

166 467 276 512 hora¹
298 485 330 513 a.
366 485 422 513 m.
456 474 598 513 circiter
632 485 697 514 11.
719 504 730 523 ,
780 484 856 526 quo
897 483 1078 526 tempore
1124 476 1187 511 aer
1227 472 1457 512 circumfluus

163 535 327 575 calorem
363 536 507 576 tenebat
529 545 600 584 37.
620 536 798 588 graduum
835 535 1106 576 thermomctri
1133 533 1454 590 fahrenheitiani,

164 597 334 637 adhibitis
366 598 671 651 praecedentibus
698 598 874 649 cautelis,
908 599 1045 638 eadem
1070 598 1195 638 denuo
1228 609 1455 651 perageren-

166 669 225 698 tur
244 692 253 710 ,
295 672 420 700 comm
464 660 712 713 praesentibus
745 661 975 702 Academiae
1015 657 1275 700 Profefforibus
1322 660 1367 701 C.
1394 661 1454 701 N.

164 721 228 761 De
245 722 306 761 W
307 721 458 763 insheitn
476 754 486 773 ,
518 722 568 762 G.
588 722 737 774 Heirfio
756 755 765 773 ,
801 732 839 762 et
868 723 1094 764 Academiae
1126 722 1320 763 Adiuncto
1336 754 1348 774 ,
1366 721 1453 764 Gel-

164 782 254 824 lerto
272 816 282 834 ,
316 784 379 824 vbi
411 785 581 824 omnibus
613 784 716 823 nobis
747 785 851 824 varie
879 785 966 824 hinc
998 794 1036 824 et
1067 785 1155 824 inde
1187 797 1273 824 rem
1305 792 1453 824 tentan-

164 845 261 885 tibus
293 846 414 898 patuit
445 845 598 886 tandem
620 877 630 896 ‚
671 857 718 884 ne
760 846 798 885 in
831 847 905 886 hoc
937 847 1091 898 quidem
1125 845 1202 885 casu
1231 845 1353 885 vllum
1386 845 1453 885 fri-

160 919 228 959 gus
257 920 279 946 a
311 907 431 960 glacie
448 938 460 958 ,
494 908 688 948 mediante
723 907 899 961 speculo,
932 908 978 948 ad
1027 908 1355 950 thermometrum
1389 918 1449 948 re-

161 978 315 1022 percuti.

1251 2045 1447 2094 OBSER-
