<?xml version="1.0" encoding="UTF-8"?>
<!DOCTYPE html PUBLIC "-//W3C//DTD XHTML 1.0 Transitional//EN"
    "http://www.w3.org/TR/xhtml1/DTD/xhtml1-transitional.dtd">
<html xmlns="http://www.w3.org/1999/xhtml" xml:lang="en" lang="en">
 <head>
  <title>
</title>
<meta http-equiv="Content-Type" content="text/html;charset=utf-8" />
  <meta name='ocr-system' content='tesseract 3.04.00' />
  <meta name='ocr-capabilities' content='ocr_page ocr_carea ocr_par ocr_line ocrx_word'/>
</head>
<body>
  <div class='ocr_page' id='page_1' title='image "./commentariiacade14impe/commentariiacade14impe_0111.png"; bbox 0 0 2020 2668; ppageno 0'>
   <div class='ocr_carea' id='block_1_1' title="bbox 240 97 1462 160">
    <p class='ocr_par' dir='ltr' id='par_1_1' title="bbox 240 97 1462 160">
     <span class='ocr_line' id='line_1_1' title="bbox 240 97 1462 160; baseline -0.004 -8"><span class='ocrx_word' id='word_1_1' title='bbox 240 103 278 151; x_wconf 84' lang='lat' dir='ltr'>F</span> <span class='ocrx_word' id='word_1_2' title='bbox 278 103 450 152; x_wconf 80' lang='lat' dir='ltr'><em>ORMV</em></span> <span class='ocrx_word' id='word_1_3' title='bbox 452 99 560 151; x_wconf 78' lang='lat' dir='ltr'>LAS</span> <span class='ocrx_word' id='word_1_4' title='bbox 576 97 910 148; x_wconf 73' lang='lat' dir='ltr'><em>DIFFERENz</em></span> <span class='ocrx_word' id='word_1_5' title='bbox 930 99 1305 150; x_wconf 84' lang='lat' dir='ltr'><em>RATIONALES.</em></span> <span class='ocrx_word' id='word_1_6' title='bbox 1374 103 1462 160; x_wconf 58' lang='lat'>103*</span> 
     </span>
    </p>
   </div>
   <div class='ocr_carea' id='block_1_2' title="bbox 164 214 1469 589">
    <p class='ocr_par' dir='ltr' id='par_1_2' title="bbox 164 214 1469 589">
     <span class='ocr_line' id='line_1_2' title="bbox 164 214 1468 275; baseline -0.001 -14"><span class='ocrx_word' id='word_1_7' title='bbox 164 219 294 261; x_wconf 70' lang='lat' dir='ltr'>duffio</span> <span class='ocrx_word' id='word_1_8' title='bbox 333 218 526 262; x_wconf 72' lang='lat' dir='ltr'>necessaria</span> <span class='ocrx_word' id='word_1_9' title='bbox 566 225 645 259; x_wconf 79' lang='lat' dir='ltr'>erat</span> <span class='ocrx_word' id='word_1_10' title='bbox 687 215 757 258; x_wconf 86' lang='lat' dir='ltr'>visa</span> <span class='ocrx_word' id='word_1_11' title='bbox 796 216 836 258; x_wconf 90' lang='lat' dir='ltr'>in</span> <span class='ocrx_word' id='word_1_12' title='bbox 873 214 1059 258; x_wconf 87' lang='lat' dir='ltr'>methodo</span> <span class='ocrx_word' id='word_1_13' title='bbox 1091 219 1370 275; x_wconf 80' lang='lat' dir='ltr'>praecedente3</span> <span class='ocrx_word' id='word_1_14' title='bbox 1400 220 1468 260; x_wconf 80' lang='lat' dir='ltr'>vbi</span> 
     </span>
     <span class='ocr_line' id='line_1_3' title="bbox 167 275 1468 337; baseline -0.001 -14"><span class='ocrx_word' id='word_1_15' title='bbox 167 293 354 337; x_wconf 80' lang='lat' dir='ltr'>praeterea</span> <span class='ocrx_word' id='word_1_16' title='bbox 393 283 549 325; x_wconf 67' lang='lat' dir='ltr'>faetores</span> <span class='ocrx_word' id='word_1_17' title='bbox 594 279 774 321; x_wconf 84' lang='lat' dir='ltr'>solitarios</span> <span class='ocrx_word' id='word_1_18' title='bbox 813 279 1104 321; x_wconf 80' lang='lat' dir='ltr'>denominatoris</span> <span class='ocrx_word' id='word_1_19' title='bbox 1153 281 1194 324; x_wconf 92' lang='lat' dir='ltr'>N</span> <span class='ocrx_word' id='word_1_20' title='bbox 1244 282 1389 324; x_wconf 78' lang='lat' dir='ltr'>formae</span> <span class='ocrx_word' id='word_1_21' title='bbox 1424 275 1468 324; x_wconf 65' lang='grc' dir='ltr'>.τῆ</span> 
     </span>
     <span class='ocr_line' id='line_1_4' title="bbox 166 342 1469 396; baseline 0 -10"><span class='ocrx_word' id='word_1_22' title='bbox 166 345 316 387; x_wconf 77' lang='lat' dir='ltr'>seorsim</span> <span class='ocrx_word' id='word_1_23' title='bbox 349 346 481 387; x_wconf 81' lang='lat' dir='ltr'>elicere</span> <span class='ocrx_word' id='word_1_24' title='bbox 501 375 513 396; x_wconf 95' lang='lat'>,</span> <span class='ocrx_word' id='word_1_25' title='bbox 545 351 653 396; x_wconf 82' lang='lat' dir='ltr'>atque</span> <span class='ocrx_word' id='word_1_26' title='bbox 685 342 814 395; x_wconf 86' lang='lat' dir='ltr'>reliqui</span> <span class='ocrx_word' id='word_1_27' title='bbox 843 343 1138 385; x_wconf 86' lang='lat' dir='ltr'>denominatoris</span> <span class='ocrx_word' id='word_1_28' title='bbox 1170 347 1373 386; x_wconf 85' lang='lat' dir='ltr'>terminum</span> <span class='ocrx_word' id='word_1_29' title='bbox 1402 345 1469 385; x_wconf 78' lang='lat' dir='ltr'>ab·</span> 
     </span>
     <span class='ocr_line' id='line_1_5' title="bbox 166 404 1468 459; baseline -0.001 -10"><span class='ocrx_word' id='word_1_30' title='bbox 166 407 324 449; x_wconf 64' lang='lat' dir='ltr'>spiutum</span> <span class='ocrx_word' id='word_1_31' title='bbox 364 408 495 449; x_wconf 77' lang='lat' dir='ltr'>vnitati</span> <span class='ocrx_word' id='word_1_32' title='bbox 532 405 724 459; x_wconf 86' lang='lat' dir='ltr'>aequalem</span> <span class='ocrx_word' id='word_1_33' title='bbox 762 404 910 446; x_wconf 82' lang='lat' dir='ltr'>efficere</span> <span class='ocrx_word' id='word_1_34' title='bbox 951 406 1072 447; x_wconf 66' lang='lat' dir='ltr'>coacti</span> <span class='ocrx_word' id='word_1_35' title='bbox 1113 407 1306 449; x_wconf 84' lang='lat' dir='ltr'>fueramus.</span> <span class='ocrx_word' id='word_1_36' title='bbox 1378 408 1468 450; x_wconf 83' lang='lat' dir='ltr'>Me-</span> 
     </span>
     <span class='ocr_line' id='line_1_6' title="bbox 167 467 1467 524; baseline 0.002 -13"><span class='ocrx_word' id='word_1_37' title='bbox 167 470 291 512; x_wconf 87' lang='lat' dir='ltr'>thodo</span> <span class='ocrx_word' id='word_1_38' title='bbox 324 482 447 512; x_wconf 83' lang='lat' dir='ltr'>autem</span> <span class='ocrx_word' id='word_1_39' title='bbox 468 500 480 520; x_wconf 87' lang='lat'>,</span> <span class='ocrx_word' id='word_1_40' title='bbox 512 481 624 523; x_wconf 87' lang='lat' dir='ltr'>quam</span> <span class='ocrx_word' id='word_1_41' title='bbox 658 467 718 508; x_wconf 87' lang='lat' dir='ltr'>hic</span> <span class='ocrx_word' id='word_1_42' title='bbox 749 467 870 509; x_wconf 90' lang='lat' dir='ltr'>sumus</span> <span class='ocrx_word' id='word_1_43' title='bbox 899 468 1092 524; x_wconf 79' lang='lat' dir='ltr'>tradituri,</span> <span class='ocrx_word' id='word_1_44' title='bbox 1133 472 1228 513; x_wconf 81' lang='lat' dir='ltr'>nulla</span> <span class='ocrx_word' id='word_1_45' title='bbox 1261 472 1467 514; x_wconf 83' lang='lat' dir='ltr'>istiusmodi</span> 
     </span>
     <span class='ocr_line' id='line_1_7' title="bbox 167 534 679 589; baseline -0.004 -15"><span class='ocrx_word' id='word_1_46' title='bbox 167 536 445 589; x_wconf 80' lang='lat' dir='ltr'>praeparatione</span> <span class='ocrx_word' id='word_1_47' title='bbox 472 534 541 575; x_wconf 86' lang='lat' dir='ltr'>erit</span> <span class='ocrx_word' id='word_1_48' title='bbox 573 538 679 587; x_wconf 81' lang='lat' dir='ltr'>opus.</span> 
     </span>
    </p>
   </div>
   <div class='ocr_carea' id='block_1_3' title="bbox 282 626 1469 684">
    <p class='ocr_par' dir='ltr' id='par_1_3' title="bbox 282 626 1469 684">
     <span class='ocr_line' id='line_1_8' title="bbox 282 626 1469 684; baseline 0.002 -14"><span class='ocrx_word' id='word_1_49' title='bbox 282 631 318 680; x_wconf 68' lang='grc' dir='ltr'>ς.</span> <span class='ocrx_word' id='word_1_50' title='bbox 341 641 380 681; x_wconf 78' lang='grc'>5.</span> <span class='ocrx_word' id='word_1_51' title='bbox 413 626 568 669; x_wconf 86' lang='lat' dir='ltr'>quenta</span> <span class='ocrx_word' id='word_1_52' title='bbox 618 637 723 682; x_wconf 81' lang='lat' dir='ltr'>parte</span> <span class='ocrx_word' id='word_1_53' title='bbox 772 628 933 680; x_wconf 79' lang='lat' dir='ltr'>integra,</span> <span class='ocrx_word' id='word_1_54' title='bbox 976 627 1004 669; x_wconf 87' lang='lat' dir='ltr'>si</span> <span class='ocrx_word' id='word_1_55' title='bbox 1035 642 1127 684; x_wconf 79' lang='lat' dir='ltr'>quae</span> <span class='ocrx_word' id='word_1_56' title='bbox 1174 631 1386 672; x_wconf 83' lang='lat' dir='ltr'>continetur</span> <span class='ocrx_word' id='word_1_57' title='bbox 1431 631 1469 673; x_wconf 90' lang='lat' dir='ltr'>in</span> 
     </span>
    </p>
   </div>
   <div class='ocr_carea' id='block_1_4' title="bbox 165 690 1472 819">
    <p class='ocr_par' dir='ltr' id='par_1_4' title="bbox 165 690 1472 819">
     <span class='ocr_line' id='line_1_9' title="bbox 165 690 1472 759; baseline 0 -14"><span class='ocrx_word' id='word_1_58' title='bbox 165 701 344 745; x_wconf 69' lang='lat' dir='ltr'>fractione</span> <span class='ocrx_word' id='word_1_59' title='bbox 376 690 434 756; x_wconf 27' lang='grc' dir='ltr'>ξι,</span> <span class='ocrx_word' id='word_1_60' title='bbox 469 713 519 741; x_wconf 84' lang='lat' dir='ltr'>cx</span> <span class='ocrx_word' id='word_1_61' title='bbox 550 712 662 754; x_wconf 88' lang='lat' dir='ltr'>eaque</span> <span class='ocrx_word' id='word_1_62' title='bbox 695 700 881 753; x_wconf 86' lang='lat' dir='ltr'>integralis</span> <span class='ocrx_word' id='word_1_63' title='bbox 920 710 1025 753; x_wconf 81' lang='lat' dir='ltr'>parte</span> <span class='ocrx_word' id='word_1_64' title='bbox 1057 705 1330 757; x_wconf 82' lang='lat' dir='ltr'>conueniente,</span> <span class='ocrx_word' id='word_1_65' title='bbox 1379 717 1472 759; x_wconf 84' lang='lat' dir='ltr'>pro-</span> 
     </span>
     <span class='ocr_line' id='line_1_10' title="bbox 168 762 1471 819; baseline 0.003 -15"><span class='ocrx_word' id='word_1_66' title='bbox 168 766 376 819; x_wconf 86' lang='lat' dir='ltr'>grediamur</span> <span class='ocrx_word' id='word_1_67' title='bbox 408 764 453 804; x_wconf 82' lang='lat' dir='ltr'>ad</span> <span class='ocrx_word' id='word_1_68' title='bbox 485 772 608 817; x_wconf 86' lang='lat' dir='ltr'>partes</span> <span class='ocrx_word' id='word_1_69' title='bbox 638 762 770 803; x_wconf 63' lang='lat' dir='ltr'>fractas</span> <span class='ocrx_word' id='word_1_70' title='bbox 802 762 954 814; x_wconf 73' lang='lat' dir='ltr'>singulas</span> <span class='ocrx_word' id='word_1_71' title='bbox 987 764 1227 817; x_wconf 71' lang='lat' dir='ltr'>simpliciores</span> <span class='ocrx_word' id='word_1_72' title='bbox 1261 767 1296 806; x_wconf 90' lang='lat' dir='ltr'>in</span> <span class='ocrx_word' id='word_1_73' title='bbox 1325 767 1471 808; x_wconf 68' lang='lat' dir='ltr'>framo-</span> 
     </span>
    </p>
   </div>
   <div class='ocr_carea' id='block_1_5' title="bbox 161 824 1479 2086">
    <p class='ocr_par' dir='ltr' id='par_1_5' title="bbox 161 824 1479 2086">
     <span class='ocr_line' id='line_1_11' title="bbox 166 824 1472 892; baseline 0.002 -15"><span class='ocrx_word' id='word_1_74' title='bbox 166 850 216 878; x_wconf 80' lang='lat' dir='ltr'>ne</span> <span class='ocrx_word' id='word_1_75' title='bbox 253 824 281 889; x_wconf 58' lang='grc' dir='ltr'>Ξ</span> <span class='ocrx_word' id='word_1_76' title='bbox 312 844 504 876; x_wconf 83' lang='lat' dir='ltr'>contentas</span> <span class='ocrx_word' id='word_1_77' title='bbox 533 833 709 874; x_wconf 82' lang='lat' dir='ltr'>eruendas</span> <span class='ocrx_word' id='word_1_78' title='bbox 727 865 738 885; x_wconf 88' lang='lat'>,</span> <span class='ocrx_word' id='word_1_79' title='bbox 755 843 799 873; x_wconf 85' lang='lat' dir='ltr'>vt</span> <span class='ocrx_word' id='word_1_80' title='bbox 818 845 866 873; x_wconf 87' lang='lat' dir='ltr'>ex</span> <span class='ocrx_word' id='word_1_81' title='bbox 892 833 948 872; x_wconf 87' lang='lat' dir='ltr'>his</span> <span class='ocrx_word' id='word_1_82' title='bbox 966 846 1113 888; x_wconf 87' lang='lat' dir='ltr'>quoque</span> <span class='ocrx_word' id='word_1_83' title='bbox 1132 837 1315 890; x_wconf 79' lang='lat' dir='ltr'>integralis</span> <span class='ocrx_word' id='word_1_84' title='bbox 1335 839 1472 892; x_wconf 79' lang='lat' dir='ltr'>quaesi-</span> 
     </span>
     <span class='ocr_line' id='line_1_12' title="bbox 164 894 1472 954; baseline 0.002 -15"><span class='ocrx_word' id='word_1_85' title='bbox 164 901 192 939; x_wconf 85' lang='lat' dir='ltr'>ti</span> <span class='ocrx_word' id='word_1_86' title='bbox 223 907 347 951; x_wconf 89' lang='lat' dir='ltr'>partes</span> <span class='ocrx_word' id='word_1_87' title='bbox 377 897 550 937; x_wconf 83' lang='lat' dir='ltr'>oriundae</span> <span class='ocrx_word' id='word_1_88' title='bbox 578 896 826 937; x_wconf 77' lang='lat' dir='ltr'>obtineantur.</span> <span class='ocrx_word' id='word_1_89' title='bbox 863 894 933 935; x_wconf 82' lang='lat' dir='ltr'>Ista</span> <span class='ocrx_word' id='word_1_90' title='bbox 951 906 1078 938; x_wconf 83' lang='lat' dir='ltr'>autem</span> <span class='ocrx_word' id='word_1_91' title='bbox 1097 899 1331 954; x_wconf 86' lang='lat' dir='ltr'>inuestigatio</span> <span class='ocrx_word' id='word_1_92' title='bbox 1354 902 1472 942; x_wconf 86' lang='lat' dir='ltr'>maxi-</span> 
     </span>
     <span class='ocr_line' id='line_1_13' title="bbox 164 958 1472 1015; baseline 0.004 -14"><span class='ocrx_word' id='word_1_93' title='bbox 164 972 274 1004; x_wconf 84' lang='lat' dir='ltr'>mam</span> <span class='ocrx_word' id='word_1_94' title='bbox 306 968 451 1014; x_wconf 87' lang='lat' dir='ltr'>partem</span> <span class='ocrx_word' id='word_1_95' title='bbox 486 959 524 998; x_wconf 91' lang='lat' dir='ltr'>in</span> <span class='ocrx_word' id='word_1_96' title='bbox 556 958 772 999; x_wconf 88' lang='lat' dir='ltr'>inuentione</span> <span class='ocrx_word' id='word_1_97' title='bbox 812 958 995 999; x_wconf 66' lang='lat' dir='ltr'>factorum</span> <span class='ocrx_word' id='word_1_98' title='bbox 1047 961 1317 1015; x_wconf 76' lang='lat' dir='ltr'>simpliciorum</span> <span class='ocrx_word' id='word_1_99' title='bbox 1352 966 1472 1006; x_wconf 88' lang='lat' dir='ltr'>deno-</span> 
     </span>
     <span class='ocr_line' id='line_1_14' title="bbox 166 1021 1470 1076; baseline 0.003 -11"><span class='ocrx_word' id='word_1_100' title='bbox 166 1024 367 1066; x_wconf 84' lang='lat' dir='ltr'>minatoris</span> <span class='ocrx_word' id='word_1_101' title='bbox 399 1022 439 1064; x_wconf 88' lang='lat' dir='ltr'>N</span> <span class='ocrx_word' id='word_1_102' title='bbox 476 1021 700 1064; x_wconf 82' lang='lat' dir='ltr'>absoluitur:</span> <span class='ocrx_word' id='word_1_103' title='bbox 748 1022 809 1076; x_wconf 89' lang='lat' dir='ltr'>qui</span> <span class='ocrx_word' id='word_1_104' title='bbox 843 1021 1026 1075; x_wconf 64' lang='lat' dir='ltr'>fictores,</span> <span class='ocrx_word' id='word_1_105' title='bbox 1076 1038 1165 1066; x_wconf 91' lang='lat' dir='ltr'>cum</span> <span class='ocrx_word' id='word_1_106' title='bbox 1214 1039 1265 1067; x_wconf 80' lang='lat' dir='ltr'>ex</span> <span class='ocrx_word' id='word_1_107' title='bbox 1305 1029 1470 1069; x_wconf 87' lang='lat' dir='ltr'>instituto</span> 
     </span>
     <span class='ocr_line' id='line_1_15' title="bbox 162 1085 1474 1140; baseline 0.005 -13"><span class='ocrx_word' id='word_1_108' title='bbox 162 1087 322 1138; x_wconf 87' lang='lat' dir='ltr'>nostro,</span> <span class='ocrx_word' id='word_1_109' title='bbox 356 1098 431 1140; x_wconf 89' lang='lat' dir='ltr'>quo</span> <span class='ocrx_word' id='word_1_110' title='bbox 465 1094 590 1125; x_wconf 88' lang='lat' dir='ltr'>totum</span> <span class='ocrx_word' id='word_1_111' title='bbox 624 1085 802 1138; x_wconf 85' lang='lat' dir='ltr'>integrale</span> <span class='ocrx_word' id='word_1_112' title='bbox 833 1085 872 1125; x_wconf 88' lang='lat' dir='ltr'>in</span> <span class='ocrx_word' id='word_1_113' title='bbox 904 1085 1026 1126; x_wconf 72' lang='lat' dir='ltr'>forma</span> <span class='ocrx_word' id='word_1_114' title='bbox 1058 1089 1146 1129; x_wconf 84' lang='lat' dir='ltr'>reali</span> <span class='ocrx_word' id='word_1_115' title='bbox 1177 1089 1357 1132; x_wconf 87' lang='lat' dir='ltr'>exhibere</span> <span class='ocrx_word' id='word_1_116' title='bbox 1381 1105 1474 1132; x_wconf 90' lang='lat' dir='ltr'>con-</span> 
     </span>
     <span class='ocr_line' id='line_1_16' title="bbox 165 1147 1475 1206; baseline 0.005 -16"><span class='ocrx_word' id='word_1_117' title='bbox 165 1149 376 1200; x_wconf 84' lang='lat' dir='ltr'>stituimus,</span> <span class='ocrx_word' id='word_1_118' title='bbox 409 1148 569 1188; x_wconf 85' lang='lat' dir='ltr'>debeant</span> <span class='ocrx_word' id='word_1_119' title='bbox 600 1147 669 1188; x_wconf 84' lang='lat' dir='ltr'>esse</span> <span class='ocrx_word' id='word_1_120' title='bbox 701 1147 841 1197; x_wconf 83' lang='lat' dir='ltr'>reales,</span> <span class='ocrx_word' id='word_1_121' title='bbox 875 1158 982 1188; x_wconf 86' lang='lat' dir='ltr'>erunt</span> <span class='ocrx_word' id='word_1_122' title='bbox 1017 1150 1070 1190; x_wconf 90' lang='lat' dir='ltr'>illi</span> <span class='ocrx_word' id='word_1_123' title='bbox 1102 1152 1161 1192; x_wconf 89' lang='lat' dir='ltr'>vel</span> <span class='ocrx_word' id='word_1_124' title='bbox 1199 1153 1384 1206; x_wconf 79' lang='lat' dir='ltr'>simplices</span> <span class='ocrx_word' id='word_1_125' title='bbox 1418 1155 1475 1195; x_wconf 82' lang='lat' dir='ltr'>bi-</span> 
     </span>
     <span class='ocr_line' id='line_1_17' title="bbox 161 1210 1473 1272; baseline 0.002 -19"><span class='ocrx_word' id='word_1_126' title='bbox 161 1212 348 1254; x_wconf 86' lang='lat' dir='ltr'>nomiales</span> <span class='ocrx_word' id='word_1_127' title='bbox 379 1210 483 1250; x_wconf 91' lang='lat' dir='ltr'>huius</span> <span class='ocrx_word' id='word_1_128' title='bbox 530 1210 676 1250; x_wconf 79' lang='lat' dir='ltr'>formae</span> <span class='ocrx_word' id='word_1_129' title='bbox 706 1217 918 1265; x_wconf 64' lang='lat' dir='ltr'>px—-l-qx</span> <span class='ocrx_word' id='word_1_130' title='bbox 938 1243 949 1262; x_wconf 86' lang='lat'>,</span> <span class='ocrx_word' id='word_1_131' title='bbox 999 1212 1060 1253; x_wconf 87' lang='lat' dir='ltr'>vel</span> <span class='ocrx_word' id='word_1_132' title='bbox 1091 1214 1321 1256; x_wconf 80' lang='lat' dir='ltr'>trinomiales</span> <span class='ocrx_word' id='word_1_133' title='bbox 1357 1225 1385 1272; x_wconf 87' lang='lat' dir='ltr'>p</span> <span class='ocrx_word' id='word_1_134' title='bbox 1405 1224 1473 1263; x_wconf 83' lang='lat'>-÷-</span> 
     </span>
     <span class='ocr_line' id='line_1_18' title="bbox 169 1273 1477 1333; baseline 0.007 -22"><span class='ocrx_word' id='word_1_135' title='bbox 169 1281 408 1330; x_wconf 64' lang='lat' dir='ltr'>qx÷rxx</span> <span class='ocrx_word' id='word_1_136' title='bbox 428 1305 438 1323; x_wconf 88' lang='lat'>,</span> <span class='ocrx_word' id='word_1_137' title='bbox 468 1273 673 1313; x_wconf 80' lang='lat' dir='ltr'>cuiusmodi</span> <span class='ocrx_word' id='word_1_138' title='bbox 707 1273 863 1313; x_wconf 65' lang='lat' dir='ltr'>{adtores</span> <span class='ocrx_word' id='word_1_139' title='bbox 881 1274 997 1313; x_wconf 80' lang='lat' dir='ltr'>reales</span> <span class='ocrx_word' id='word_1_140' title='bbox 1013 1274 1158 1329; x_wconf 88' lang='lat' dir='ltr'>semper</span> <span class='ocrx_word' id='word_1_141' title='bbox 1176 1279 1345 1319; x_wconf 79' lang='lat' dir='ltr'>exhiberi</span> <span class='ocrx_word' id='word_1_142' title='bbox 1374 1280 1477 1333; x_wconf 75' lang='lat' dir='ltr'>posse</span> 
     </span>
     <span class='ocr_line' id='line_1_19' title="bbox 168 1335 1477 1393; baseline 0.003 -15"><span class='ocrx_word' id='word_1_143' title='bbox 168 1351 255 1378; x_wconf 90' lang='lat' dir='ltr'>cum</span> <span class='ocrx_word' id='word_1_144' title='bbox 291 1337 484 1376; x_wconf 65' lang='lat' dir='ltr'>docuimus</span> <span class='ocrx_word' id='word_1_145' title='bbox 531 1344 611 1375; x_wconf 88' lang='lat' dir='ltr'>tum</span> <span class='ocrx_word' id='word_1_146' title='bbox 648 1336 685 1374; x_wconf 87' lang='lat' dir='ltr'>in</span> <span class='ocrx_word' id='word_1_147' title='bbox 720 1335 949 1388; x_wconf 77' lang='lat' dir='ltr'>sequentibus</span> <span class='ocrx_word' id='word_1_148' title='bbox 992 1336 1095 1378; x_wconf 69' lang='lat' dir='ltr'>fufius</span> <span class='ocrx_word' id='word_1_149' title='bbox 1126 1340 1371 1393; x_wconf 81' lang='lat' dir='ltr'>docebimus,</span> <span class='ocrx_word' id='word_1_150' title='bbox 1404 1344 1477 1382; x_wconf 68' lang='lat' dir='ltr'>eti-</span> 
     </span>
     <span class='ocr_line' id='line_1_20' title="bbox 172 1397 1475 1457; baseline 0.003 -16"><span class='ocrx_word' id='word_1_151' title='bbox 172 1400 265 1441; x_wconf 81' lang='lat' dir='ltr'>amsi</span> <span class='ocrx_word' id='word_1_152' title='bbox 298 1399 450 1439; x_wconf 56' lang='lat' dir='ltr'>suctores</span> <span class='ocrx_word' id='word_1_153' title='bbox 478 1397 659 1451; x_wconf 76' lang='lat' dir='ltr'>simplices</span> <span class='ocrx_word' id='word_1_154' title='bbox 692 1398 759 1438; x_wconf 90' lang='lat' dir='ltr'>sint</span> <span class='ocrx_word' id='word_1_155' title='bbox 790 1399 1015 1452; x_wconf 82' lang='lat' dir='ltr'>imaginarii.</span> <span class='ocrx_word' id='word_1_156' title='bbox 1084 1401 1253 1443; x_wconf 85' lang='lat' dir='ltr'>Primum</span> <span class='ocrx_word' id='word_1_157' title='bbox 1289 1406 1402 1457; x_wconf 86' lang='lat' dir='ltr'>igitur</span> <span class='ocrx_word' id='word_1_158' title='bbox 1428 1406 1475 1446; x_wconf 86' lang='lat' dir='ltr'>de</span> 
     </span>
     <span class='ocr_line' id='line_1_21' title="bbox 170 1460 1476 1518; baseline 0.006 -17"><span class='ocrx_word' id='word_1_159' title='bbox 170 1461 367 1505; x_wconf 64' lang='lat' dir='ltr'>factoribus</span> <span class='ocrx_word' id='word_1_160' title='bbox 398 1460 623 1513; x_wconf 78' lang='lat' dir='ltr'>simplicibus</span> <span class='ocrx_word' id='word_1_161' title='bbox 650 1468 679 1516; x_wconf 90' lang='lat' dir='ltr'>p</span> <span class='ocrx_word' id='word_1_162' title='bbox 693 1474 721 1501; x_wconf 79' lang='lat' dir='ltr'><em>x</em></span> <span class='ocrx_word' id='word_1_163' title='bbox 735 1467 862 1516; x_wconf 63' lang='lat' dir='ltr'>-l-qx</span> <span class='ocrx_word' id='word_1_164' title='bbox 879 1474 1051 1515; x_wconf 80' lang='lat' dir='ltr'>agemus,</span> <span class='ocrx_word' id='word_1_165' title='bbox 1070 1466 1130 1518; x_wconf 89' lang='lat' dir='ltr'>qui</span> <span class='ocrx_word' id='word_1_166' title='bbox 1152 1467 1189 1506; x_wconf 89' lang='lat' dir='ltr'>iu</span> <span class='ocrx_word' id='word_1_167' title='bbox 1208 1467 1476 1509; x_wconf 88' lang='lat' dir='ltr'>denominato-</span> 
     </span>
     <span class='ocr_line' id='line_1_22' title="bbox 167 1524 1472 1585; baseline 0.004 -18"><span class='ocrx_word' id='word_1_168' title='bbox 167 1539 209 1567; x_wconf 81' lang='lat' dir='ltr'>re</span> <span class='ocrx_word' id='word_1_169' title='bbox 241 1524 281 1567; x_wconf 89' lang='grc' dir='ltr'>Ν</span> <span class='ocrx_word' id='word_1_170' title='bbox 314 1525 587 1578; x_wconf 78' lang='lat' dir='ltr'>continentur3</span> <span class='ocrx_word' id='word_1_171' title='bbox 623 1525 858 1564; x_wconf 87' lang='lat' dir='ltr'>inueniuntur</span> <span class='ocrx_word' id='word_1_172' title='bbox 890 1524 931 1565; x_wconf 92' lang='lat' dir='ltr'>hi</span> <span class='ocrx_word' id='word_1_173' title='bbox 965 1538 1015 1567; x_wconf 77' lang='lat' dir='ltr'>ex</span> <span class='ocrx_word' id='word_1_174' title='bbox 1046 1527 1269 1570; x_wconf 87' lang='lat' dir='ltr'>resolutione</span> <span class='ocrx_word' id='word_1_175' title='bbox 1286 1533 1472 1585; x_wconf 83' lang='lat' dir='ltr'>aequatio-</span> 
     </span>
     <span class='ocr_line' id='line_1_23' title="bbox 167 1587 1475 1642; baseline 0.005 -13"><span class='ocrx_word' id='word_1_176' title='bbox 167 1590 222 1629; x_wconf 82' lang='lat' dir='ltr'>nis</span> <span class='ocrx_word' id='word_1_177' title='bbox 255 1587 435 1639; x_wconf 63' lang='lat' dir='ltr'>lxi-„103</span> <span class='ocrx_word' id='word_1_178' title='bbox 471 1588 571 1641; x_wconf 89' lang='lat' dir='ltr'>quod</span> <span class='ocrx_word' id='word_1_179' title='bbox 605 1587 632 1627; x_wconf 78' lang='lat' dir='ltr'>si</span> <span class='ocrx_word' id='word_1_180' title='bbox 665 1588 771 1627; x_wconf 86' lang='lat' dir='ltr'>enim</span> <span class='ocrx_word' id='word_1_181' title='bbox 806 1587 911 1627; x_wconf 87' lang='lat' dir='ltr'>huius</span> <span class='ocrx_word' id='word_1_182' title='bbox 946 1591 1173 1642; x_wconf 84' lang='lat' dir='ltr'>aequationis</span> <span class='ocrx_word' id='word_1_183' title='bbox 1214 1594 1319 1633; x_wconf 80' lang='lat' dir='ltr'>radix</span> <span class='ocrx_word' id='word_1_184' title='bbox 1371 1594 1475 1638; x_wconf 87' lang='lat' dir='ltr'>fuerit</span> 
     </span>
     <span class='ocr_line' id='line_1_24' title="bbox 169 1649 1471 1708; baseline 0.005 -16"><span class='ocrx_word' id='word_1_185' title='bbox 169 1653 317 1694; x_wconf 80' lang='lat' dir='ltr'>inuenta</span> <span class='ocrx_word' id='word_1_186' title='bbox 351 1662 508 1700; x_wconf 72' lang='lat' dir='ltr'><strong><em>xza,</em></strong></span> <span class='ocrx_word' id='word_1_187' title='bbox 543 1659 623 1689; x_wconf 88' lang='lat' dir='ltr'>tum</span> <span class='ocrx_word' id='word_1_188' title='bbox 660 1649 768 1690; x_wconf 89' lang='lat' dir='ltr'>simul</span> <span class='ocrx_word' id='word_1_189' title='bbox 797 1663 901 1692; x_wconf 68' lang='grc' dir='ltr'>αι’-ιτ</span> <span class='ocrx_word' id='word_1_190' title='bbox 935 1652 1066 1693; x_wconf 89' lang='lat' dir='ltr'>diuisor</span> <span class='ocrx_word' id='word_1_191' title='bbox 1098 1656 1166 1694; x_wconf 88' lang='lat' dir='ltr'>erit</span> <span class='ocrx_word' id='word_1_192' title='bbox 1183 1658 1390 1708; x_wconf 78' lang='lat' dir='ltr'>quantitatis</span> <span class='ocrx_word' id='word_1_193' title='bbox 1419 1659 1471 1700; x_wconf 90' lang='lat' dir='ltr'>N.</span> 
     </span>
     <span class='ocr_line' id='line_1_25' title="bbox 169 1711 1479 1765; baseline 0.006 -11"><span class='ocrx_word' id='word_1_194' title='bbox 169 1714 310 1754; x_wconf 85' lang='lat' dir='ltr'>Omnia</span> <span class='ocrx_word' id='word_1_195' title='bbox 342 1725 434 1765; x_wconf 82' lang='lat' dir='ltr'>ergo</span> <span class='ocrx_word' id='word_1_196' title='bbox 465 1711 643 1763; x_wconf 81' lang='lat' dir='ltr'>subsidia,</span> <span class='ocrx_word' id='word_1_197' title='bbox 674 1725 766 1764; x_wconf 83' lang='lat' dir='ltr'>quae</span> <span class='ocrx_word' id='word_1_198' title='bbox 793 1713 919 1753; x_wconf 72' lang='lat' dir='ltr'>adhuc</span> <span class='ocrx_word' id='word_1_199' title='bbox 968 1714 1045 1755; x_wconf 87' lang='lat' dir='ltr'>sunt</span> <span class='ocrx_word' id='word_1_200' title='bbox 1077 1718 1220 1758; x_wconf 84' lang='lat' dir='ltr'>inuenta</span> <span class='ocrx_word' id='word_1_201' title='bbox 1261 1721 1305 1760; x_wconf 81' lang='lat' dir='ltr'>ad</span> <span class='ocrx_word' id='word_1_202' title='bbox 1343 1723 1479 1762; x_wconf 75' lang='lat' dir='ltr'>radices</span> 
     </span>
     <span class='ocr_line' id='line_1_26' title="bbox 171 1773 1478 1838; baseline 0.008 -22"><span class='ocrx_word' id='word_1_203' title='bbox 171 1777 436 1830; x_wconf 74' lang='lat' dir='ltr'>:icquationum</span> <span class='ocrx_word' id='word_1_204' title='bbox 469 1773 759 1827; x_wconf 81' lang='lat' dir='ltr'>algebraicarum</span> <span class='ocrx_word' id='word_1_205' title='bbox 793 1778 995 1829; x_wconf 83' lang='lat' dir='ltr'>eruendas,</span> <span class='ocrx_word' id='word_1_206' title='bbox 1030 1780 1068 1819; x_wconf 89' lang='lat' dir='ltr'>in</span> <span class='ocrx_word' id='word_1_207' title='bbox 1102 1782 1283 1833; x_wconf 81' lang='lat' dir='ltr'>praesenti</span> <span class='ocrx_word' id='word_1_208' title='bbox 1328 1787 1478 1838; x_wconf 82' lang='lat' dir='ltr'>negotio</span> 
     </span>
     <span class='ocr_line' id='line_1_27' title="bbox 172 1837 1462 1889; baseline 0.008 -10"><span class='ocrx_word' id='word_1_209' title='bbox 172 1840 387 1880; x_wconf 86' lang='lat' dir='ltr'>maximam</span> <span class='ocrx_word' id='word_1_210' title='bbox 418 1837 570 1877; x_wconf 78' lang='lat' dir='ltr'>afferent</span> <span class='ocrx_word' id='word_1_211' title='bbox 602 1837 821 1879; x_wconf 85' lang='lat' dir='ltr'>vtilitatem.</span> <span class='ocrx_word' id='word_1_212' title='bbox 890 1840 1009 1881; x_wconf 86' lang='lat' dir='ltr'>Probe</span> <span class='ocrx_word' id='word_1_213' title='bbox 1041 1853 1165 1883; x_wconf 89' lang='lat' dir='ltr'>autem</span> <span class='ocrx_word' id='word_1_214' title='bbox 1198 1846 1348 1886; x_wconf 88' lang='lat' dir='ltr'>discerni</span> <span class='ocrx_word' id='word_1_215' title='bbox 1369 1850 1462 1889; x_wconf 87' lang='lat' dir='ltr'>debe</span> 
     </span>
     <span class='ocr_line' id='line_1_28' title="bbox 171 1900 1478 1959; baseline 0.007 -16"><span class='ocrx_word' id='word_1_216' title='bbox 171 1903 264 1943; x_wconf 90' lang='lat' dir='ltr'>bunt</span> <span class='ocrx_word' id='word_1_217' title='bbox 296 1901 454 1941; x_wconf 62' lang='lat' dir='ltr'>fictores</span> <span class='ocrx_word' id='word_1_218' title='bbox 485 1900 598 1940; x_wconf 85' lang='lat' dir='ltr'>reales</span> <span class='ocrx_word' id='word_1_219' title='bbox 629 1901 675 1940; x_wconf 87' lang='lat' dir='ltr'>ab</span> <span class='ocrx_word' id='word_1_220' title='bbox 709 1903 964 1955; x_wconf 84' lang='lat' dir='ltr'>imaginariis,</span> <span class='ocrx_word' id='word_1_221' title='bbox 996 1917 1092 1945; x_wconf 89' lang='lat' dir='ltr'>cum·</span> <span class='ocrx_word' id='word_1_222' title='bbox 1117 1909 1258 1959; x_wconf 83' lang='lat' dir='ltr'>priores</span> <span class='ocrx_word' id='word_1_223' title='bbox 1289 1909 1383 1952; x_wconf 85' lang='lat' dir='ltr'>solos</span> <span class='ocrx_word' id='word_1_224' title='bbox 1401 1912 1478 1952; x_wconf 87' lang='lat' dir='ltr'>hoc</span> 
     </span>
     <span class='ocr_line' id='line_1_29' title="bbox 171 1963 1478 2018; baseline 0.01 -15"><span class='ocrx_word' id='word_1_225' title='bbox 171 1966 260 2006; x_wconf 92' lang='lat' dir='ltr'>loco</span> <span class='ocrx_word' id='word_1_226' title='bbox 292 1964 327 2003; x_wconf 91' lang='lat' dir='ltr'>in</span> <span class='ocrx_word' id='word_1_227' title='bbox 361 1963 467 2003; x_wconf 88' lang='lat' dir='ltr'>vsum</span> <span class='ocrx_word' id='word_1_228' title='bbox 502 1976 701 2016; x_wconf 85' lang='lat' dir='ltr'>vocemus,</span> <span class='ocrx_word' id='word_1_229' title='bbox 743 1965 962 2018; x_wconf 83' lang='lat' dir='ltr'>posteriores</span> <span class='ocrx_word' id='word_1_230' title='bbox 993 1967 1139 2010; x_wconf 87' lang='lat' dir='ltr'>seorsim</span> <span class='ocrx_word' id='word_1_231' title='bbox 1173 1973 1373 2014; x_wconf 62' lang='lat' dir='ltr'>tradi-ituri.</span> <span class='ocrx_word' id='word_1_232' title='bbox 1417 1977 1478 2016; x_wconf 72' lang='lat' dir='ltr'>bsx</span> 
     </span>
     <span class='ocr_line' id='line_1_30' title="bbox 171 2026 1477 2086; baseline 0.007 -16"><span class='ocrx_word' id='word_1_233' title='bbox 171 2026 388 2070; x_wconf 82' lang='lat' dir='ltr'>resolutione</span> <span class='ocrx_word' id='word_1_234' title='bbox 421 2038 514 2068; x_wconf 80' lang='lat' dir='ltr'>vero</span> <span class='ocrx_word' id='word_1_235' title='bbox 545 2028 810 2082; x_wconf 77' lang='lat' dir='ltr'>aequationum</span> <span class='ocrx_word' id='word_1_236' title='bbox 843 2029 1060 2084; x_wconf 84' lang='lat' dir='ltr'>intelligitur</span> <span class='ocrx_word' id='word_1_237' title='bbox 1079 2065 1090 2086; x_wconf 85' lang='lat'>‚</span> <span class='ocrx_word' id='word_1_238' title='bbox 1122 2034 1148 2075; x_wconf 86' lang='lat' dir='ltr'>fi</span> <span class='ocrx_word' id='word_1_239' title='bbox 1181 2038 1372 2080; x_wconf 84' lang='lat' dir='ltr'>maximus</span> <span class='ocrx_word' id='word_1_240' title='bbox 1406 2052 1477 2079; x_wconf 40' lang='lat' dir='ltr'>ex„</span> 
     </span>
    </p>
   </div>
   <div class='ocr_carea' id='block_1_6' title="bbox 1336 2115 1477 2157">
    <p class='ocr_par' dir='ltr' id='par_1_6' title="bbox 1336 2115 1477 2157">
     <span class='ocr_line' id='line_1_31' title="bbox 1336 2115 1477 2157; baseline 0 -15"><span class='ocrx_word' id='word_1_241' title='bbox 1336 2115 1477 2157; x_wconf 60' lang='lat' dir='ltr'>ponent}</span> 
     </span>
    </p>
   </div>
  </div>
 </body>
</html>
