2020 2668
531 114 583 144 21
596 106 620 146 s
905 97 1139 152 »anteana«
1171 108 1198 139 0
1231 94 1465 148 ”eattae-2

530 202 645 265 DE
687 198 1026 261 CALORE
1069 197 1179 260 AC
1224 192 1569 257 FRIGORE
1618 192 1851 256 EXPE-

814 282 1198 345 fflMENTA
1250 279 1513 342 VARIA
1532 322 1554 353 ‚

1060 380 1247 425 FACTA
1281 394 1303 423 a

885 444 1044 504 Georgia
1075 445 1315 504 llfolffigatgo
1348 444 1497 504 Krff.

1130 576 1248 626 §¹-

535 669 698 791 Cam
731 687 860 721 natura
893 676 1002 720 huius
1031 674 1194 729 regionis
1236 673 1382 715 nostrae
1433 673 1658 715 instituendis
1706 675 1855 731 experi-

665 744 805 785 mentis
837 743 884 784 de
918 741 1056 794 frigore
1092 739 1234 778 mirum
1268 739 1306 778 in
1341 738 1504 778 modum
1545 739 1764 792 quandoque
1804 738 1858 779 fa-

531 820 650 849 veat:
685 820 763 847 non
796 805 944 859 neglexi
977 802 1221 844 acerbitatem
1256 801 1353 841 hanc
1387 812 1532 842 vertere
1563 803 1599 842 in
1617 804 1858 843 emolumen-

533 882 617 912 tum
642 903 653 922 ‚
683 880 865 924 quantum
900 867 1040 921 potui,
1071 875 1109 905 et
1140 874 1321 917 quantum
1357 865 1456 904 ratio
1505 867 1644 905 viritim
1696 866 1858 906 circum·

535 935 826 987 nuntiatumque
860 942 1034 972 mearum
1071 928 1167 981 paffi
1200 925 1281 966 suit.
1348 927 1456 983 Quae
1491 927 1566 968 hoc
1600 928 1723 968 modo
1749 940 1856 982 pmc-

537 997 611 1038 stiti
632 1030 643 1048 ,
705 1007 896 1050 exponam
959 991 1193 1034 Academiae
1243 990 1280 1031 in
1329 990 1518 1044 praesente
1575 989 1858 1042 dissertatione,

536 1073 616 1101 non
647 1071 736 1099 eum
770 1060 808 1098 in
841 1057 960 1097 finem
984 1087 995 1106 ,
1028 1065 1072 1095 vt
1103 1055 1147 1094 iis
1165 1085 1176 1105 ,
1207 1066 1301 1105 quae
1331 1054 1513 1093 enarrabo
1534 1084 1546 1104 ‚
1580 1054 1672 1094 nihil
1700 1055 1861 1107 amplius

535 1124 622 1164 addi
655 1120 756 1175 posse
788 1130 922 1174 putem
945 1149 957 1168 ,
993 1117 1052 1157 sed
1087 1125 1130 1156 vt
1163 1114 1289 1156 ansam
1322 1117 1404 1156 alib=
1435 1118 1638 1168 praebeam
1675 1117 1763 1156 hacc
1799 1128 1861 1159 aut

535 1184 824 1235 confirmandi,
855 1191 919 1222 aut
949 1179 1122 1234 augendi.
1187 1178 1312 1219 Tanta
1354 1181 1458 1219 enim
1492 1179 1612 1218 adhuc
1653 1179 1723 1220 hae
1773 1192 1862 1232 qua-

535 1248 658 1290 litates
687 1246 910 1288 obscuritate
942 1252 1119 1297 teguntur
1137 1273 1149 1294 ,
1181 1252 1226 1282 vt
1258 1242 1303 1282 ad
1336 1253 1397 1283 eas
1426 1241 1646 1282 illustrandas
1692 1255 1766 1283 non
1795 1244 1862 1284 ali-

535 1323 630 1366 quot
662 1322 847 1353 annorum
881 1307 1079 1362 spatiolum
1101 1337 1112 1357 ,
1161 1304 1219 1345 sed
1254 1303 1374 1346 forsan
1425 1305 1508 1358 plus
1556 1318 1667 1358 quam
1719 1307 1862 1360 integra

535 1386 669 1429 aetas·,
703 1386 822 1428 neque
855 1384 948 1413 vnus
989 1380 1136 1411 tantum
1157 1401 1168 1421 ‚
1206 1366 1265 1411 sed
1306 1368 1425 1423 plures
1484 1368 1687 1422 sagaciores
1743 1373 1864 1425 requi-

537 1448 678 1480 rantur.

654 1501 690 1551 §.
716 1514 755 1540 2.
788 1499 983 1557 Quoniam
1037 1498 1074 1537 in
1119 1495 1193 1550 ipfit
1243 1494 1314 1536 hac
1362 1495 1457 1535 vrbe
1509 1496 1630 1537 nostra
1679 1497 1863 1540 menlibus

537 1564 739 1607 Februario
771 1573 810 1604 et
861 1562 1007 1604 Martio
1054 1573 1106 1601 ex
1139 1560 1258 1614 glacie
1279 1591 1290 1610 ,
1340 1571 1410 1613 qua
1441 1559 1572 1601 fluuius
1604 1561 1717 1602 Neua
1737 1593 1748 1613 ,
1799 1574 1861 1602 vr-

541 1629 632 1669 bem
667 1626 885 1669 transfluens
903 1659 914 1677 ,
946 1624 1143 1679 quotannis
1171 1622 1465 1677 constringitur,
1508 1623 1637 1676 ingens
1685 1636 1862 1666 numerus

536 1691 738 1733 'iustorum
787 1690 999 1740 exciditur,
1050 1688 1095 1728 ad
1131 1686 1320 1742 potulenta
1356 1699 1424 1740 per
1471 1686 1648 1728 aestatem
1690 1688 1727 1728 in
1761 1688 1864 1730 cellis

539 1754 787 1796 conseruanda
819 1753 1113 1794 destinatorum:
1146 1749 1368 1804 optatiffima
1419 1750 1512 1791 haec
1546 1750 1644 1791 mihi
1694 1751 1765 1792 vila
1793 1753 1862 1792 suit

540 1819 688 1860 occasio
719 1819 758 1859 in
798 1819 985 1858 rationem
1026 1814 1285 1864 restafflonis,
1330 1825 1424 1868 quae
1454 1814 1492 1854 in
1526 1814 1643 1867 glacie
1684 1814 1863 1868 obtinet,

540 1882 761 1935 inquirendi.
840 1879 934 1922 Sunt
975 1880 1082 1920 enim
1134 1879 1241 1920 haee
1259 1876 1365 1918 stusta
1400 1877 1564 1932 glacialia
1583 1909 1594 1930 ,
1646 1877 1732 1918 licet
1780 1890 1859 1919 non

541 1943 721 1999 temper,
755 1954 801 1985 vt
831 1945 1038 1999 plurimum
1074 1951 1203 1984 tamen
1237 1942 1288 1982 ita
1323 1941 1506 1994 pellucido
1533 1970 1544 1992 ,
1597 1951 1638 1981 vt
1672 1941 1708 1980 in
1739 1940 1859 1982 crassi-

541 2009 593 2048 tie
626 2009 764 2062 aliquot
798 2009 937 2062 pedum
970 2007 1184 2048 facillimam
1218 2004 1327 2046 radiis
1360 2005 1448 2044 lucis
1480 2006 1702 2057 permittant
1736 2005 1859 2045 viam.

543 2067 694 2115 &tecta
725 2071 836 2127 igitur
867 2073 907 2114 in
939 2071 1040 2114 hunc
1073 2069 1194 2113 finem
1226 2067 1337 2111 manin
1368 2066 1513 2124 glaciali
1531 2066 1714 2124 aptissima
1735 2100 1747 2120 ‚
1771 2068 1863 2109 duos

1747 2131 1864 2189 pedes
