2020 2668
240 118 342 160 VN]
350 116 384 159 C
388 117 425 160 A
429 118 478 157 M
509 117 575 159 VA
579 117 635 158 RI
639 117 735 159 ΑΒΙ
741 116 864 157 LEM
904 113 1329 159 INVOLVENTES.
1403 126 1426 163 3
1437 126 1457 154 1

278 230 309 278 §.
339 240 407 278 27.
445 230 655 282 Perspicitur
686 228 773 268 hinc
803 227 942 280 duplex
975 228 1037 267 lex
1057 260 1069 275 2
1100 228 1212 268 altera
1245 241 1356 281 quam
1398 241 1463 268 va-

163 299 254 335 lores
286 294 575 334 cocfficitutium
609 293 852 331 assumtorum
896 285 943 348 ξβ
962 323 979 348 Ι
1012 284 1072 341 Σ),
1085 323 1102 349 Ι
1137 286 1190 340 ffi
1210 323 1227 348 Ι
1261 301 1335 331 etc.
1368 292 1466 332 inter

163 358 196 397 st
232 368 355 396 tenent
375 390 384 407 ,
418 357 527 396 autera
560 368 649 394 vero
668 387 677 404 ,
711 366 823 406 quam
860 353 1040 394 formulae
1071 356 1263 408 integrales
1281 353 1377 408 ipssle
1395 354 1464 395 ob-

163 421 335 472 scruunt3
369 431 475 472 atque
509 430 559 456 ex
591 428 742 469 Vtraque
776 417 963 470 integralis
993 418 1139 470 quaefiti
1175 418 1394 458 membrum
1421 417 1460 459 id

163 485 300 537 poterit
332 483 474 522 definiri
506 481 603 532 quod
635 481 750 519 oritur
782 492 830 519 ex
863 479 1043 532 potestate
1074 493 1289 534 quacunque
1313 480 1463 522 factoris

161 547 359 596 cuiuspiam
414 545 585 596 fimplicis
638 550 816 597 1÷px.
871 542 1016 583 Sufficit
1049 554 1175 584 autem
1208 544 1359 584 alteram
1377 553 1463 585 tan-

162 620 240 648 tum
292 608 413 660 legem
466 607 602 646 notaffe
622 639 633 658 ‚
685 619 772 646 cum
806 606 916 646 altera
956 617 1005 645 ex
1036 607 1143 646 altera
1192 605 1388 661 stquaturz,
1420 618 1466 648 ac

160 671 338 725 posterior
369 671 518 724 quidem
554 682 631 709 non
664 670 779 709 solum
813 667 955 708 facilior
987 670 1156 721 videtur,
1188 682 1324 710 verum
1344 671 1460 710 etiam

161 746 348 774 marorern
391 733 542 786 praestat
592 732 790 772 Vtilitatem
811 763 823 783 ,
854 743 940 771 cum
975 744 1025 771 ex
1056 744 1098 772 ea
1130 733 1254 772 statim
1284 733 1461 787 integrale

158 796 310 838 formari
344 806 464 848 queat.
533 794 652 834 Probe
684 802 810 833 autem
857 795 1064 834 cauendum
1107 795 1159 834 est
1193 806 1243 833 ne
1274 807 1364 836 vera
1394 807 1461 837 va-

157 859 290 899 riabih's
320 870 348 899 x
379 870 466 897 cum
500 856 662 896 variabili
694 855 891 896 affumtitia
917 863 949 910 p
982 856 1258 910 confundatur3
1298 869 1389 898 nam
1420 859 1462 900 in

158 920 312 961 formula
361 918 590 960 differentiali
639 918 830 972 propofita
880 918 993 959 vnica
1032 919 1124 959 inest
1174 918 1362 961 variabilis
1401 933 1462 974 x,

155 994 302 1037 praeter
332 995 447 1035 quam
481 993 614 1022 omnes
662 981 822 1034 reliquae
872 982 1090 1035 quantitates
1137 994 1214 1022 non
1246 992 1404 1038 excepta
1431 991 1462 1040 p

156 1045 232 1086 sunt
264 1045 470 1086 constantes
501 1054 537 1085 et
569 1045 608 1085 in
627 1045 870 1098 integratione
888 1057 959 1098 qua
986 1045 1075 1086 tales
1093 1043 1296 1086 tractantur
1317 1060 1325 1086 :
1344 1059 1461 1100 quan-

153 1110 204 1150 do
236 1121 330 1149 vero
380 1107 631 1149 coefficientes
661 1120 729 1162 per
760 1107 797 1147 se
815 1107 969 1161 quidem
1002 1108 1206 1149 constantes
1235 1110 1462 1164 inuestigan-

156 1182 215 1212 tur
234 1204 244 1223 ,
274 1182 354 1212 tum
389 1184 477 1212 vera
508 1171 697 1211 variabilis
728 1183 755 1211 x
787 1183 866 1211 non
899 1171 1060 1225 amplius
1091 1172 1130 1212 in
1147 1182 1372 1226 computum
1391 1174 1460 1215 du·

156 1236 281 1286 citur3
318 1234 369 1274 {ed
404 1234 632 1287 inuestigatio
664 1246 733 1287 per
765 1245 886 1272 meras
917 1234 1120 1274 constantes
1151 1234 1361 1276 absoluitur.
1413 1236 1461 1278 In

157 1297 226 1335 hoc
260 1307 384 1336 autem
421 1309 533 1349 opere
565 1298 693 1348 ingens
729 1295 973 1336 nanciscimur
1021 1296 1214 1337 subfidium
1246 1298 1292 1339 ad
1326 1298 1461 1340 coeffi-

156 1363 292 1399 cientes
331 1360 627 1399 determinandos
676 1372 752 1411 ope
801 1358 1116 1398 differentiationis
1135 1391 1145 1411 ,
1178 1360 1242 1400 vbi
1274 1362 1461 1414 quantita·

157 1432 236 1461 tem
286 1422 322 1461 V
374 1432 547 1474 tauquam
600 1421 833 1462 functionem
883 1422 1068 1461 variabihs
1091 1429 1122 1479 p
1154 1422 1468 1477 confideramu82

154 1496 311 1537 eamque
345 1485 634 1525 differentiamus
682 1484 821 1535 semel,
873 1483 928 1523 bis
959 1485 1136 1538 pluriesue
1185 1486 1362 1539 ponendo
1392 1487 1459 1543 dp

153 1548 332 1587 constans.
398 1547 464 1589 Est
501 1548 597 1587 adeo
627 1547 720 1589 haec
771 1546 1033 1588 differentiatio
1084 1557 1232 1589 tanturn
1282 1550 1456 1602 operatio

152 1610 351 1651 subfidiaria
371 1641 382 1660 ‚
431 1623 522 1664 quae
571 1611 618 1650 ad
667 1610 917 1651 coefficientes
964 1612 1189 1664 indagandos
1237 1610 1454 1668 suscipitur3

153 1675 245 1726 qui,
277 1686 387 1726 quam
421 1675 587 1727 primum
621 1673 756 1713 fuerint
788 1673 963 1725 inuenti,
998 1684 1077 1713 tum
1110 1673 1223 1714 rursus
1269 1677 1452 1729 quantitas

150 1745 177 1790 p
210 1746 386 1790 tanquam
417 1736 584 1776 constans
614 1737 821 1790 tractatum
854 1746 891 1777 et
923 1737 1096 1790 integrale
1131 1749 1239 1778 more
1279 1737 1457 1780 consueto

152 1800 363 1853 expressum
396 1799 601 1840 exhibetur.

268 1907 301 1955 §.
324 1913 392 1948 28.
429 1905 593 1945 Vnicam
626 1890 887 1947 difficultatem
907 1940 919 1959 ‚
952 1919 1043 1961 quae
1075 1906 1340 1961 saepenumero
1372 1922 1454 1952 ma-

152 1972 300 2011 ximam
334 1970 544 2010 molestiam
575 1981 701 2021 parere
735 1970 870 2023 posset,
904 1970 965 2010 hic
995 1969 1116 2011 adhuc
1146 1966 1345 2011 remouere
1369 1973 1456 2028 pos-

152 2033 273 2076 sumus
290 2066 301 2087 ‚
333 2045 409 2087 quo
451 2032 530 2089 ipso
569 2032 724 2074 calculus
762 2034 904 2076 mirum
933 2034 973 2076 in
1005 2034 1167 2076 modum
1199 2034 1455 2077 contrahetur.

1353 2098 1460 2141 Haec
