2020 2668
533 127 631 179 336
724 135 728 138 ’
953 116 1123 165 NVMI
1153 115 1408 164 TRAIANI

530 239 640 282 AEST
668 237 720 279 -L.
759 231 1074 276 VOLCATIVS
1109 233 1156 275 L.
1193 234 1237 276 F.
1278 229 1505 274 TVLLVS.
1569 230 1682 274 Hunc
1724 232 1845 288 itaque

532 303 691 345 Sextum
713 299 735 340 s1
755 300 878 352 lugere
911 297 1099 349 occistim,
1131 299 1233 352 quod
1266 297 1380 338 hostis
1413 296 1526 337 suerat
1546 327 1557 346 ‚
1592 308 1668 336 non
1699 297 1845 351 debuit,

527 367 678 420 putauit
709 373 836 403 tamen
869 362 1068 416 lugendum
1088 393 1099 412 ,
1153 363 1281 415 quod,
1334 361 1425 401 teste
1472 358 1792 413 SVETONIO,
1827 374 1848 403 a

527 440 654 469 'matre
686 423 872 480 Magnum
903 426 1136 478 Pompeium
1171 424 1376 466 arctissimo
1425 423 1665 478 contingebat
1716 425 1841 477 gradu.

520 490 683 533 Scilicet
721 500 809 530 tunc
858 490 935 530 iam
963 490 1008 528 in
1041 501 1149 529 more
1198 488 1264 529 finit
1314 487 1510 542 positum,
1562 497 1607 527 vt
1658 487 1846 542 principes

522 558 647 596 ’etiam
682 554 831 595 illorum
869 563 1037 594 mortem
1087 552 1211 605 lugere
1259 551 1294 592 se
1344 550 1549 604 fignificcnt
1568 583 1579 603 ‚
1627 550 1845 604 quibuscum

525 619 624 661 ,bella
656 627 800 672 gerunt.

646 680 722 722 Sed
756 692 831 720 non
863 680 975 720 vnica
1007 679 1156 719 barbam
1191 678 1311 718 alendi
1345 678 1447 718 caula
1488 677 1605 718 lue‘tus
1652 675 1756 718 fuiffe
1790 678 1844 719 vi-

521 747 638 787 'detur
684 744 782 799 apud
827 746 1038 786 Romanos.
1121 741 1250 783 Docet
1290 744 1393 782 enim
1451 739 1844 794 PLVTARCHVS,

529 813 648 850 etiam
680 811 717 849 in
750 807 844 848 bello
863 839 874 858 ‚
908 806 934 847 si
968 819 1044 846 uon
1078 818 1240 857 omnes,
1268 814 1368 846 certe
1400 805 1540 858 aliquos
1573 817 1658 846 eam
1691 804 1846 858 aluisst,

527 884 605 926 quo
638 873 760 925 magis
801 871 926 910 viriles
959 871 1186 910 viderentur.
1261 867 1477 922 Cognoscet
1529 869 1634 919 hoc,
1687 869 1844 922 quisquis

530 936 628 989 leget
678 935 796 988 iplizm
831 935 878 973 dc
912 935 1083 972 Antonio
1136 932 1357 972 referentem
1377 964 1388 982 ,
1432 933 1582 985 qualem
1634 929 1666 971 stt
1706 932 1844 972 iuuenis

526 998 774 1053 praestiterit,
823 1008 939 1049 quum
988 992 1193 1035 Gabinium
1240 995 1501 1047 proconsulem
1543 995 1580 1033 in
1621 992 1770 1044 Syriam
1805 1005 1843 1034 et

526 1063 753 1115 Aegyptum
793 1061 1067 1107 comitaretur,
1099 1059 1247 1111 eiusque
1281 1058 1446 1110 auspiciis
1487 1057 1671 1110 praeclara
1723 1057 1843 1098 multa

523 1134 682 1178 gereret.
747 1121 847 1161 Inter
877 1121 948 1161 alia
980 1129 1263 1161 commemorat
1281 1153 1292 1171 ,
1327 1121 1427 1174 quod
1448 1119 1555 1160 fuerit
1574 1119 1641 1173 ipsi
1663 1118 1843 1175 πώγων

527 1197 590 1235 ’τις
611 1183 658 1227 ἐκ
677 1180 876 1240 ἀγεννὴς,
902 1183 1024 1224 barba
1057 1194 1126 1225 non
1154 1182 1316 1235 ignobilis
1338 1197 1349 1236 3
1381 1184 1478 1236 quod
1499 1182 1681 1223 nicenus
1698 1185 1812 1223 vertit
1831 1200 1841 1225 ;

525 1251 566 1292 Ia
598 1249 713 1290 barbe
743 1248 827 1304 sort
857 1243 988 1301 epatffe
1006 1278 1016 1297 ,
1049 1255 1088 1285 et
1119 1256 1208 1286 ante
1241 1244 1364 1299 ipsum
1391 1246 1584 1296 Amyotus
1602 1244 1838 1287 reddiderat:

525 1314 566 1356 Ia
597 1313 712 1354 barbe
732 1312 835 1368 sorte
866 1317 902 1351 et
933 1305 1070 1365 espeffe.
1141 1308 1248 1349 Hanc
1280 1322 1366 1350 eum
1400 1309 1515 1349 etiam
1561 1310 1705 1363 reliquo
1745 1318 1842 1350 tem-

527 1389 622 1432 pore
642 1409 652 1428 ,
685 1375 827 1430 quoties
857 1375 894 1414 in
926 1374 1050 1414 castris
1077 1373 1263 1425 degebat,
1297 1371 1419 1413 aluisse
1437 1403 1448 1422 ,
1498 1372 1639 1413 eodem
1690 1372 1841 1413 auctore

522 1441 694 1493 colligo:
730 1439 814 1492 quia
847 1438 892 1478 ad
929 1437 1118 1478 Mutinam
1152 1436 1197 1475 ab
1230 1433 1379 1476 Caesare
1410 1436 1581 1488 Augusto
1601 1435 1723 1476 victus
1742 1468 1752 1486 ‚
1781 1436 1837 1476 in-

523 1517 595 1558 que
629 1503 785 1543 celerem
820 1501 945 1554 fingam
979 1499 1200 1550 coniectus,
1240 1498 1376 1553 Lepidi
1427 1498 1538 1538 castm
1558 1531 1568 1549 ,
1621 1499 1836 1552 perfugium

523 1569 575 1609 ibi
610 1577 818 1620 quaerens,
864 1562 1035 1614 accessit,
1088 1563 1432 1614 miserationemque
1483 1561 1663 1602 militibus
1715 1563 1836 1603 mouit

519 1643 635 1671 coma
671 1628 806 1669 inculta
837 1637 876 1668 et
907 1626 1016 1666 barba
1052 1626 1231 1679 prolixa,
1251 1639 1365 1680 quam
1393 1637 1489 1667 mox
1507 1625 1553 1665 ab
1573 1624 1703 1664 inselici
1725 1638 1835 1677 prae-

520 1695 575 1735 lio
591 1701 769 1747 coeperat
788 1691 1021 1743 promittere.
1050 1688 1309 1742 significanter
1325 1690 1458 1730 dicitur
1477 1685 1615 1743 βαθὺς
1639 1685 1836 1743 πώγων,

523 1753 624 1812 με’ὶοὶ
660 1752 741 1805 τήν
772 1749 901 1802 {ilar
935 1749 1059 1801 e’u9235
1089 1751 1321 1807 καθαμένος.
1394 1751 1469 1794 Sed
1514 1752 1705 1805 prolixam
1757 1754 1835 1793 bar-

520 1823 612 1862 bam
649 1819 773 1874 paucis
806 1818 938 1858 diebus
970 1829 1086 1857 nemo
1118 1818 1321 1869 producit,
1351 1819 1410 1857 cni
1445 1828 1521 1855 non
1556 1813 1731 1855 anteaest
1750 1828 1834 1856 me-

519 1886 655 1925 diocris
674 1916 684 1934 ,
719 1894 831 1936 quam
867 1880 994 1921 forfice
1026 1879 1268 1919 detondendo
1300 1892 1360 1920 aut
1396 1879 1643 1933 praecidendo
1678 1879 1769 1918 intra
1790 1879 1835 1918 li-

521 1949 631 1987 mites
663 1945 791 1986 decori
825 1945 1022 1984 continet:
1056 1943 1103 1984 de
1134 1955 1210 1996 quo
1241 1945 1405 1984 memini
1425 1941 1597 1984 HADR.
1620 1939 1831 1984 IVNIVM

521 2008 708 2065 copiosius
740 2008 935 2062 disputare.

1747 2131 1830 2174 Iam
