2020 2668
235 107 316 151 DE
333 105 486 149 VERA
503 102 1435 148 SIGNIFICAT.PROCEss.MAMILL.eet.
1450 108 1526 151 281

234 216 471 260 distinetione
501 219 751 269 terminatur,
793 230 868 259 non
909 219 946 258 in
985 217 1195 272 apophysm
1229 219 1413 271 quandam
1453 227 1538 260 ma·

238 283 425 324 millarem
457 282 514 322 vti
548 282 586 321 in
619 283 732 323 latere
763 283 916 332 auerso,
950 280 1007 321 sed
1027 282 1152 335 potius
1177 281 1214 321 in
1234 281 1401 322 obtusam
1420 287 1536 336 quen-

237 347 327 387 dam
359 354 398 386 et
425 344 577 386 cmfliim
609 346 756 398 apicem
779 374 792 395 ‚
832 345 892 396 qui
925 345 1016 384 dum
1059 345 1097 384 in
1132 343 1215 385 offis
1245 345 1446 386 ethmoidis
1476 359 1539 387 ca·
1591 375 1597 379 «

236 410 397 457 vitatem
429 406 463 449 se
493 407 649 448 insinuat
666 439 677 460 ,
707 407 759 448 ob
789 407 894 448 huius
927 408 1138 461 marginem
1171 419 1367 449 recuruum
1386 441 1397 460 ,
1436 409 1539 450 simi-

238 471 326 513 liter
353 471 492 513 adunca
523 471 683 525 quadam
715 471 898 512 curuitate
929 471 975 512 ad
1006 470 1095 512 latus
1121 482 1323 512 externum
1364 472 1537 513 flectitur.

237 534 325 577 Hoc
351 545 489 589 corpus
517 535 619 588 quod
652 546 727 574 non
759 535 887 589 inepte
919 545 991 588 pro
1023 534 1142 576 radice
1174 535 1359 588 processus
1388 536 1541 577 mamil-

237 597 323 640 laris
354 597 481 639 haberi
514 597 633 651 potest
653 630 665 648 ,
706 597 848 639 etiamsi
888 597 928 637 in
961 599 1141 639 exteriori
1177 598 1289 638 latere
1322 611 1388 652 per
1419 600 1541 640 leuem

237 660 378 702 sulcum
407 673 430 701 a
461 660 553 701 lobo
582 659 763 700 anteriore
800 673 867 701 ceu
901 660 1086 714 singularis
1124 661 1237 702 massa
1277 662 1514 715 distinguatur
1531 695 1543 716 ,

239 736 282 765 te
311 723 384 778 ipsit
420 733 548 764 tamen
590 735 667 765 non
706 724 772 764 nisi
811 723 890 764 lobi
931 724 1127 765 anterioris
1158 724 1248 764 basis
1269 754 1281 775 ‚
1322 726 1545 767 extremitas

239 796 369 829 autem
401 786 478 827 eius
509 798 599 827 vera
631 785 747 826 totius
778 787 917 827 cerebri
948 785 1162 828 substantiae
1194 786 1442 828 excrescentia
1475 789 1543 830 est.

353 843 391 892 5.
412 861 454 899 9.
489 849 542 891 Et
572 849 613 890 hi
644 850 797 902 quidem
829 849 1010 902 processus
1039 852 1147 890 omni
1188 850 1264 890 iure
1297 851 1545 904 mamillares,

239 911 293 954 ob
323 914 510 952 rationem
542 910 648 965 supra
675 911 734 960 (§.
754 914 822 961 3.)
853 923 900 951 ex
932 910 1078 952 Vesalio
1112 912 1260 953 allatam
1295 914 1366 952 dici
1391 923 1542 967 queunt.

237 973 298 1016 At
329 986 424 1015 vero
464 974 528 1027 qui
570 987 655 1014 cum
689 971 835 1014 Galeno
873 973 969 1014 hanc
1008 976 1242 1028 processuum
1284 976 1439 1017 massam
1473 987 1547 1030 pro

239 1049 386 1091 organo
415 1035 570 1077 olfiustus
603 1037 680 1077 folo
712 1047 750 1076 et
782 1037 1002 1079 immediato
1034 1041 1128 1078 iuter
1163 1051 1263 1079 nares
1287 1049 1325 1079 et
1353 1040 1545 1081 cerebrum

239 1113 440 1142 neruorum
473 1100 582 1140 instar
613 1102 921 1140 communicante
955 1100 1098 1156 habet3
1139 1102 1200 1142 ille
1241 1103 1278 1142 ni
1318 1115 1384 1143 me
1415 1103 1547 1144 omnin

239 1164 397 1215 fillum,
429 1175 450 1204 a
481 1164 635 1203 veritate
666 1164 822 1204 aberrat.

355 1226 391 1273 5.
418 1238 486 1264 10.
522 1225 628 1267 Nam
661 1227 699 1266 in
733 1226 795 1265 ista
829 1227 888 1275 (§.
914 1224 975 1282 8.)
1009 1227 1150 1267 cerebri
1188 1227 1288 1280 basi,
1340 1228 1378 1268 in
1410 1239 1547 1283 corpo·

239 1302 324 1331 rum
358 1289 634 1343 praedictorum
668 1290 957 1342 pyramidalium
993 1289 1177 1343 superficie
1209 1295 1283 1330 fere
1314 1292 1440 1331 media
1481 1303 1549 1331 ve-

242 1353 272 1394 ri
306 1352 410 1392 nerui
443 1352 628 1392 olfactorii
660 1350 722 1392 sub
753 1352 883 1393 habitu
915 1352 1081 1393 fasciolae
1124 1354 1362 1405 medullaris,
1413 1354 1548 1408 albae,

242 1418 380 1458 lineam
410 1415 556 1455 circiter
586 1416 857 1467 geometricam
891 1416 984 1456 latae
1002 1448 1013 1469 ‚
1033 1428 1106 1456 non
1127 1418 1290 1469 turgidae
1308 1416 1366 1457 sed
1386 1417 1519 1471 planae
1537 1450 1550 1470 ,

242 1478 472 1532 compreffiie
491 1509 501 1527 ‚
553 1477 761 1518 mollissimi
811 1489 1036 1530 excurrunt,
1087 1491 1136 1519 ex
1170 1481 1331 1533 pluribus
1379 1480 1551 1522 radiculis

245 1541 500 1585 medullarrous
519 1573 530 1592 ‚
563 1553 657 1594 quae
690 1554 712 1581 e
746 1543 964 1595 corporibus
1005 1542 1133 1582 striatis
1181 1553 1407 1597 emergunt,
1439 1554 1478 1584 et
1511 1545 1550 1584 in

245 1607 311 1647 illo
352 1603 449 1645 sulco
492 1603 715 1645 tmnsuerffli
757 1618 831 1658 quo
864 1605 997 1645 lobum
1049 1606 1273 1645 anteriorem
1309 1617 1347 1646 et
1378 1607 1549 1647 medium

244 1668 359 1710 diuidi
392 1667 563 1707 dixeram
582 1699 592 1717 ,
624 1667 829 1708 directione
861 1669 1034 1721 opposita
1068 1680 1319 1721 concurrunt,
1369 1682 1552 1723 apparen-

245 1741 300 1773 ter
328 1729 601 1783 coalescentes3
637 1732 699 1784 qni
728 1744 815 1771 cum
851 1733 895 1771 ad
930 1744 1017 1771 eum
1050 1733 1195 1771 circiter
1215 1732 1340 1773 locum
1369 1745 1552 1786 peruene-

245 1805 359 1849 runt,
392 1792 454 1832 vbi
489 1793 669 1845 processus
700 1795 738 1833 in
772 1794 899 1834 auerso
935 1795 1049 1834 latere
1081 1807 1100 1833 a
1135 1794 1229 1835 lobis
1260 1797 1400 1836 cerebri
1439 1798 1553 1836 disce-

246 1859 337 1899 dunt
357 1890 367 1910 ,
400 1856 438 1894 in
470 1856 620 1896 illorum
654 1856 841 1896 substantia
870 1858 1035 1897 cortic-ali
1070 1857 1235 1897 tuberosa
1268 1859 1552 1912 immiscentur,

246 1934 290 1964 ac
323 1919 553 1974 sepeliuntur.
620 1917 714 1960 Sunt
747 1921 856 1972 igitur
885 1922 1000 1960 etiam
1034 1922 1071 1960 in
1113 1921 1225 1960 brutis
1258 1923 1356 1962 nerui
1398 1923 1553 1976 singula-

247 1997 305 2025 res
335 1981 519 2024 olfiistorii
539 2013 550 2032 ,
580 1994 602 2022 a
634 1982 852 2036 processibus
884 1980 1015 2024 Galeni
1036 2017 1046 2035 ,
1077 1994 1115 2023 et
1148 1986 1263 2025 neruis
1280 1984 1552 2027 Diemerbroe-

251 2048 366 2089 kianis
396 2045 554 2085 distineri
574 2077 585 2098 ‚
618 2059 739 2100 quos,
772 2059 860 2087 cum
896 2059 963 2087 nec
996 2060 1016 2088 a
1047 2048 1234 2089 veteribus
1252 2082 1263 2102 ,
1297 2063 1363 2090 nec
1383 2062 1404 2089 e
1425 2062 1553 2090 recen-

310 2110 411 2152 Tom.
448 2108 577 2151 XIV.
915 2112 957 2154 N
994 2123 1019 2161 n
1411 2118 1551 2152 tiorum
