2020 2668
537 110 627 156 236
693 106 776 149 DE
791 105 915 150 CAL.
936 103 1013 149 AC
1031 104 1176 148 FRIG.
1198 103 1405 150 EXPER.
1423 103 1614 149 VARIA
1643 105 1842 150 FACTA.

533 221 613 261 dius
641 219 752 260 solito
784 219 918 260 accidit
938 252 948 271 ,
988 220 1046 259 vti
1080 217 1190 259 refert
1219 218 1407 261 Gauteron
1426 251 1438 272 ,
1479 220 1516 260 in
1553 218 1762 261 Memoires
1798 220 1846 260 de

534 280 752 325 1’Academ.
774 284 838 324 des
854 281 1053 333 Sciences,
1092 292 1205 332 1709
1240 295 1324 336 pag.
1347 294 1450 334 454.
1526 281 1570 323 In
1604 283 1737 336 frigore
1771 282 1828 323 fite

533 346 683 387 viffimo
713 347 798 386 anni
835 355 969 396 1739.
987 346 1026 386 d.
1049 356 1090 393 7.
1114 344 1306 387 Decemb.
1345 348 1410 387 vbi
1441 351 1504 386 ier
1535 345 1690 399 frigebat
1707 348 1751 387 ad
1775 349 1844 387 16.

532 411 665 462 gradus
696 410 788 449 infra
819 420 847 448 0
867 442 879 461 ,
919 408 1073 463 expoliri
1114 410 1234 450 libero
1277 411 1352 450 lieri
1394 410 1479 450 huic
1512 421 1622 463 aquas
1654 409 1849 450 destilutas

532 473 632 513 tiliae
651 504 662 523 ,
697 471 876 512 menthae
897 504 908 524 ,
939 484 978 513 et
1009 473 1134 513 cardui
1168 473 1374 524 benedicti,
1407 474 1446 513 iu
1477 473 1604 526 quibus
1634 472 1750 512 crusta
1767 472 1847 525 gla-

533 535 635 576 cialis
665 535 838 588 apparuit
869 536 953 589 post
987 547 1027 585 5.
1049 536 1146 576 min.
1178 546 1216 576 et
1246 549 1340 590 quae
1367 536 1452 590 post
1472 549 1543 586 42.
1567 536 1661 576 min.
1683 537 1846 588 integrae

532 598 572 639 in
604 599 766 653 glaciem
801 597 923 639 versse
955 609 1077 639 erant.

649 663 683 711 §.
709 671 777 710 17.
814 661 1045 702 Examinaui
1076 661 1191 702 etiam
1225 662 1353 715 gmdus
1383 662 1516 702 caloris
1546 661 1745 702 fluidorum
1779 662 1847 702 ali-

531 735 623 778 quot
657 725 915 766 ebullientium
934 758 946 777 ,
988 725 1058 766 hac
1101 725 1240 765 cautela
1258 757 1269 777 ,
1309 734 1353 764 vt
1387 737 1448 766 vas
1469 756 1480 776 ,
1526 726 1563 765 in
1596 737 1672 778 qno
1708 736 1846 779 coque-

530 788 692 840 bantur,
740 788 936 830 obtectum
987 788 1074 829 essct
1114 789 1225 828 affere
1265 800 1409 842 querno
1449 788 1530 828 lhtis
1577 788 1739 842 amplO,
1781 800 1850 841 per

529 852 633 892 cuius
682 851 852 892 foramen
896 864 1053 904 paruum
1095 851 1248 904 aliquod
1290 851 1431 892 fictum
1482 851 1623 892 bullam
1675 851 1848 892 thermo-

532 915 647 954 metri
676 914 982 971 sahrenheitiani
999 947 1010 965 ,
1054 914 1100 954 ab
1135 915 1289 967 optimo
1321 915 1463 955 artifice
1495 915 1612 955 Prinz
1643 914 1846 965 elaborati,

529 987 567 1017 et
600 977 646 1018 ad
681 978 813 1031 gradus
845 981 952 1018 600.
972 976 1116 1017 extensi
1137 1008 1149 1027 ‚
1183 978 1364 1018 transmifi
1384 1010 1394 1029 ,
1436 988 1478 1016 vt
1512 989 1556 1017 ea
1575 976 1649 1016 sola
1682 977 1846 1017 calorem

530 1038 675 1081 stutiret
694 1072 705 1092 ,
739 1052 811 1081 nec
845 1040 942 1081 vllus
976 1052 1098 1092 vapor
1132 1039 1271 1080 calidus
1301 1041 1497 1080 ascendens
1513 1038 1757 1081 obseruationi
1777 1052 1847 1079 no-

529 1114 615 1144 cere
649 1105 779 1156 postet.
850 1102 897 1143 In
938 1102 997 1142 his
1036 1101 1316 1143 circumstantiis
1353 1104 1477 1143 inueni
1515 1105 1675 1155 gradum
1715 1103 1848 1143 caloris

529 1165 740 1206 ebullientis
790 1165 899 1207 lastis
944 1164 1072 1205 bubuli
1109 1176 1232 1217 2¹03
1273 1166 1355 1207 vini
1415 1165 1513 1205 rubri
1557 1165 1676 1218 gallici
1723 1177 1845 1219 199·⁷

515 1225 672 1283 spiritus
723 1231 803 1270 vini
854 1228 977 1281 gallici
1015 1234 1094 1270 181
1123 1241 1136 1281 '⁷
1178 1228 1395 1268 barometro
1426 1237 1572 1267 tenente
1614 1228 1847 1269 altitudinem

529 1292 764 1333 mediocrem
786 1324 798 1344 ‚
839 1291 902 1332 scil
950 1303 1006 1341 29
1022 1297 1068 1339 ξς,
1103 1291 1195 1344 poll.
1222 1289 1428 1331 londinens.
1511 1291 1607 1331 Alio
1647 1300 1845 1345 ternpore,

527 1368 604 1409 quo
644 1356 746 1397 idem
778 1355 1038 1396 barometrum
1071 1355 1256 1394 eleuatum
1289 1365 1366 1394 emt
1409 1354 1455 1394 ad
1492 1361 1607 1404 2933³
1639 1355 1735 1408 poll.
1767 1363 1848 1394 emt

527 1419 660 1472 gradus
691 1419 898 1459 ebullientis
947 1419 1026 1458 vini
1075 1417 1231 1458 rhenani
1289 1417 1460 1471 generosi
1480 1451 1492 1470 ‚
1535 1430 1660 1473 200·²
1719 1428 1757 1459 et
1787 1430 1847 1459 ce·

527 1482 686 1536 reuifiae
720 1481 878 1535 vulgaris
914 1493 1016 1530 204.

649 1545 683 1593 5.
711 1548 781 1585 18.
819 1545 950 1597 Aquae
983 1543 1146 1584 calentes
1165 1576 1176 1595 ,
1208 1543 1327 1583 libero
1362 1544 1436 1583 ficri
1470 1545 1689 1599 expositae,
1718 1543 1848 1586 sensim

527 1607 728 1661 stnfirruque
769 1607 932 1648 calorem
976 1608 1132 1661 perdunt
1172 1608 1273 1647 finum
1294 1639 1304 1657 ‚
1346 1608 1466 1646 donec
1511 1610 1542 1649 is
1572 1609 1764 1648 reducatur
1797 1608 1844 1647 ad

526 1684 615 1712 eum
648 1671 803 1725 gnidum
823 1702 834 1721 ,
865 1672 926 1723 qui
959 1672 1035 1711 aeri
1069 1669 1253 1710 ambienti
1289 1669 1467 1710 inhaeret.
1541 1670 1638 1713 Non
1673 1670 1850 1711 immeri-

527 1744 569 1775 to
603 1737 727 1788 itaque
757 1734 942 1787 miseritur
961 1766 971 1785 ‚
1004 1734 1043 1774 in
1076 1745 1146 1786 qua
1181 1733 1432 1786 proportione
1465 1733 1558 1774 haec
1598 1733 1664 1774 fiat
1697 1732 1844 1786 refuge„

525 1799 635 1839 ratio.
703 1797 845 1838 Institui
880 1797 990 1850 igitur
1032 1798 1340 1849 experimentum
1364 1827 1376 1847 ,
1409 1808 1450 1837 et
1481 1810 1624 1851 aquam
1656 1796 1845 1837 calentem

525 1862 571 1901 ad
605 1861 736 1914 gradus
781 1873 880 1901 112.
923 1861 1037 1901 infudi
1079 1861 1200 1900 vitreo
1239 1859 1384 1911 calici,
1436 1863 1496 1901 cui
1551 1861 1659 1901 simul
1708 1858 1849 1900 immifi

523 1923 844 1963 thermometrnm
895 1921 1243 1979 fhhrenhet'tr‘anwn
1264 1954 1275 1970 ,
1332 1925 1435 1964 cinus
1486 1922 1562 1963 sola
1615 1922 1710 1963 bulla
1745 1922 1847 1974 aquis

521 1986 792 2038 obtegelxttnr3
842 1988 975 2039 gnidus
1018 1987 1151 2027 caloris
1193 1987 1230 2026 in
1263 1990 1351 2025 :iere
1386 1987 1503 2025 libero
1535 1995 1614 2024 erat
1647 1995 1730 2024 tum
1768 1987 1841 2032 76.

519 2051 623 2102 grad.
660 2050 721 2090 cui
754 2050 913 2103 expoliri
944 2063 1078 2104 aqmm
1114 2051 1238 2100 hanc,
1269 2059 1308 2089 et
1342 2048 1490 2102 singulis
1523 2048 1680 2090 minutis
1712 2048 1844 2102 primis

1765 2122 1844 2164 gm-
