2020 2668
556 120 645 158 214
708 107 788 149 DE
818 103 907 151 PIT
910 107 1053 151 VITA
1084 102 1200 148 CLV
1206 103 1417 150 TINOSA
1466 105 1761 151 LARYNGIS.

551 218 710 272 speciem
753 220 1050 262 ventriculorum
1096 217 1154 259 feu
1195 218 1420 260 bursularum
1440 253 1452 272 ,
1484 220 1524 260 in
1557 219 1688 274 quibus
1719 219 1860 262 humor

551 281 704 323 affluens
737 285 873 324 itidem
908 283 1072 336 stagnare
1105 282 1236 336 potest.
1310 280 1414 323 Sitae
1444 281 1526 324 sunt
1566 283 1655 324 istae
1675 284 1861 338 ·vtrinque

552 346 590 384 in
624 346 765 398 postica
806 346 897 386 fiicie
937 346 1126 386 exteriore
1165 345 1356 398 laryngis,
1405 355 1444 386 et
1481 356 1729 400 generantur,
1766 347 1862 388 dum

551 407 640 447 laxa
674 408 878 462 oesophagi
912 410 1027 449 tunica
1048 443 1058 460 ,
1091 420 1183 462 quae
1214 407 1448 462 superficiem
1480 408 1700 463 cartilaginis
1729 409 1865 451 cricoi-

549 469 607 509 dis
627 501 638 521 ,
672 481 710 510 et
744 472 965 511 interiorum
999 471 1293 512 ventriculorum
1326 472 1535 512 exteriores
1566 472 1728 526 parietes
1757 472 1861 514 inue-

551 532 612 572 stit
630 565 642 584 ,
676 535 714 574 in
748 533 893 575 hiatum
927 533 961 574 se
991 534 1161 574 demittit
1179 562 1192 584 ,
1225 534 1290 588 qui
1320 533 1374 575 est
1405 534 1504 576 inter
1534 535 1749 589 marginem
1779 535 1863 577 lon-

550 596 794 648 gitudinalem
827 597 1053 650 cartilaginis
1091 595 1308 638 semiformis
1343 605 1383 637 et
1413 597 1511 639 inter
1549 598 1758 640 musculum
1790 598 1864 640 cri·

551 660 867 710 coarytenoidem
910 659 1112 713 posticum.
1196 659 1243 700 In
1282 658 1341 699 his
1380 661 1523 714 cryptis
1571 661 1633 701 ille
1671 661 1863 716 imprimis

552 722 691 762 mador
707 755 719 776 ,
761 723 824 777 qui
863 722 909 763 ad
951 721 1064 762 latera
1102 721 1234 763 radicis
1273 722 1425 776 linguae
1455 732 1495 763 et
1525 723 1756 778 epiglottidis
1786 724 1859 766 for-

550 785 637 825 tasse
669 795 707 825 et
738 797 788 826 ex
823 785 974 826 tonsillis
1005 785 1179 839 vtrinque
1211 784 1356 839 depluit
1375 818 1387 838 ,
1418 797 1678 838 coaceruatur‚
1697 797 1734 828 et
1751 799 1863 829 com·

550 847 677 900 prcssis
716 848 936 900 cartilaginis
974 846 1195 888 scutiformis
1234 848 1300 888 alis
1335 849 1382 890 ad
1423 849 1535 890 latera
1574 851 1747 892 crrcoidis
1777 863 1862 893 eru-

549 910 703 964 &atum
738 912 802 964 qui
833 920 964 951 tamen
995 910 1130 952 mador
1160 919 1200 952 et
1231 910 1373 953 humor
1404 923 1427 952 a
1455 911 1596 966 pituita
1627 912 1791 968 laryngis
1804 913 1864 956 di-

549 972 668 1014 versus
697 972 763 1014 est.

666 1036 702 1083 §.
728 1048 798 1086 14.
834 1033 950 1077 Solae
983 1037 1094 1089 igitur
1133 1036 1362 1090 epiglottidis
1399 1037 1592 1090 glandulae
1609 1071 1621 1091 ,
1663 1048 1701 1079 et
1718 1072 1729 1091 ,
1771 1051 1861 1095 quas

550 1099 789 1148 arytenoides
821 1099 1003 1152 produxit
1035 1097 1271 1152 Morgagnus
1288 1131 1300 1150 ,
1331 1100 1467 1140 restant
1484 1132 1496 1152 ‚
1535 1101 1577 1141 in
1608 1114 1769 1155 quarum
1801 1115 1863 1143 re-

549 1159 700 1201 cessibus
731 1161 888 1215 pituitae
921 1159 1027 1202 huius
1044 1161 1244 1214 glutinofiie
1279 1160 1456 1215 scaturigo
1478 1164 1608 1216 quaeri
1625 1164 1749 1205 debet.
1784 1163 1862 1206 Cui

549 1222 706 1276 quidem
737 1224 935 1265 sententiae
953 1255 965 1275 ,
1016 1223 1188 1277 quamuis
1224 1223 1287 1264 illa
1328 1235 1395 1264 nec
1434 1237 1458 1265 a
1490 1227 1607 1279 priori
1645 1239 1699 1267 ex
1732 1238 1862 1270 natura

545 1295 589 1325 et
621 1285 756 1328 fabrica
787 1286 1044 1341 glandularum
1066 1316 1080 1337 ,
1111 1298 1181 1326 nec
1214 1299 1234 1326 a
1268 1287 1462 1340 posteriori
1501 1301 1571 1344 per
1601 1293 1862 1344 experimenta

551 1349 757 1390 indubitata
795 1349 1034 1391 demonstrari
1075 1359 1215 1404 queat,
1256 1349 1311 1389 illi
1351 1360 1480 1391 tamen
1521 1352 1712 1406 imprimis
1760 1354 1860 1395 fauet

551 1413 691 1464 partim
737 1413 819 1453 situs
861 1413 1048 1466 pituitae,
1098 1413 1202 1453 cuins
1248 1414 1585 1456 accumulationem
1622 1415 1858 1469 potissimum

548 1475 644 1516 circa
676 1475 858 1528 superiora
892 1475 1051 1528 laryngis
1083 1474 1344 1528 persentiscere
1377 1475 1436 1530 (§.
1457 1477 1524 1534 7.)
1556 1479 1750 1520 diximus:
1773 1493 1859 1533 par-

543 1537 623 1578 tim
656 1539 740 1579 situs
780 1538 1037 1592 glandularum
1081 1537 1273 1591 ipsarum3
1324 1537 1404 1578 fieri
1444 1542 1549 1582 enim
1589 1554 1666 1582 non
1708 1544 1858 1596 potest,

550 1603 640 1654 quin
673 1603 827 1642 materia
860 1614 911 1641 ex
944 1601 1001 1641 his
1033 1601 1211 1654 glandulis
1239 1603 1425 1654 copiosius
1463 1602 1593 1645 secreta
1609 1606 1702 1645 eirca
1742 1605 1857 1659 ipsam

549 1665 750 1717 glottidcm
784 1665 977 1715 confluat,
1013 1665 1239 1705 ventriculos
1272 1675 1465 1719 occupet,
1505 1676 1543 1707 et
1574 1669 1762 1709 coarctata
1795 1671 1860 1710 via

550 1728 777 1768 celeritatem
811 1729 902 1768 aeris
933 1726 1151 1768 transeuntis
1182 1739 1344 1780 augeat:
1396 1730 1534 1782 partim
1573 1731 1736 1785 denique
1775 1745 1857 1774 ana-

551 1789 652 1844 logia
672 1823 682 1843 ,
714 1804 808 1845 quae
839 1793 935 1832 inter
973 1791 1065 1831 alios
1103 1790 1315 1843 humores,
1355 1791 1394 1831 in
1425 1793 1494 1832 viis
1535 1794 1780 1848 cartilagineis
1811 1797 1857 1837 ad

550 1853 828 1907 respirationem
880 1853 1177 1908 pertinentibus,
1228 1865 1422 1908 generatos
1470 1855 1697 1911 intercedit3
1731 1871 1766 1897 e.
1799 1871 1856 1911 gr.

552 1915 643 1956 dum
677 1917 722 1956 de
757 1929 873 1957 muco
906 1918 1052 1957 narium
1085 1918 1251 1958 diximus
1281 1914 1342 1970 (ξ,
1363 1915 1445 1972 6),
1493 1918 1601 1958 illum
1641 1920 1687 1960 ad
1722 1922 1859 1961 tenaci-

553 1988 669 2019 tatem
712 1989 749 2018 ct
782 1981 1176 2035 incorruptibilitatem
1210 1980 1314 2022 huius
1345 1979 1501 2033 pituitae
1532 1993 1646 2035 quam
1677 1985 1860 2037 proxime

551 2042 739 2083 accedere.

1712 2110 1747 2160 ξ.
1787 2120 1859 2161 15.
