2020 2668
525 117 581 160 :36
594 119 616 155 8
908 110 1388 156 NEAFOLITARVM.

520 230 705 279 diorum,
741 231 927 282 quoniam
959 243 1008 271 ex
1044 241 1150 284 parte
1176 231 1426 272 confitentem
1457 230 1640 272 habemus
1680 230 1846 273 doctisss-

526 306 634 332 rnum
675 295 795 332 sinim
823 311 830 334 2
863 298 977 335 vei-ba
1011 296 1057 334 dc
1092 296 1166 336 hoc
1197 305 1427 349 argumento
1457 296 1560 348 plura
1593 307 1668 334 uon
1694 295 1843 335 faciam.

640 357 836 410 Quoniam
870 369 996 397 antem
1040 358 1135 398 inter
1186 359 1472 412 Neapolitarum
1523 359 1658 411 viginti
1709 370 1846 399 numos

522 418 805 469 Gesuerianos‘,
856 423 917 472 qui
963 422 1218 463 minotaurum
1272 424 1458 475 integrum
1494 422 1531 461 in
1565 421 1683 462 auersa
1738 431 1845 475 parte

519 482 704 522 exhibent
725 513 735 530 ‚
770 496 889 537 neque
925 486 1053 524 vnicus
1083 488 1133 526 est
1168 486 1278 526 nostri
1321 486 1480 536 simili-³3
1533 497 1739 539 omnesque
1785 484 1842 525 isti

519 547 723 586 victoriam
755 545 1082 601 superuolitantcm
1117 562 1154 590 et
1194 560 1379 590 coronam
1433 549 1589 588 animali
1637 550 1844 602 imponen—

521 620 600 649 tem
636 609 852 652 exhibent:
891 623 940 650 ex
973 624 1023 652 eo
1056 612 1137 652 sime
1177 622 1332 666 apparet
1370 612 1513 651 eximia
1566 612 1682 652 nostri
1735 611 1844 652 numi

519 675 646 712 raritas
679 683 716 712 et
749 674 983 726 fingularitas.
1051 676 1158 716 Nam
1193 675 1291 729 quod
1325 674 1448 715 rofiim
1471 707 1482 725 ,
1512 674 1651 728 aliaque
1671 675 1846 718 Rhodio·

522 749 604 776 rum
642 737 792 790 insignia
825 738 994 778 conflicta
1018 771 1028 790 ,
1062 739 1290 793 Neapolitae
1323 739 1537 789 exhibent,
1573 739 1699 779 minus
1747 738 1845 779 mihi

519 800 782 840 admirandum
819 804 998 855 videtur,
1032 816 1146 857 qimm
1179 815 1246 844 cur
1281 814 1357 842 non
1392 803 1429 842 in
1464 801 1630 855 pluribus
1649 803 1709 843 illa
1727 802 1845 843 hodie

519 863 720 916 obtingant
754 863 914 906 visenda.

635 926 777 968 Rhodii
812 930 949 979 enim,
990 931 1090 982 quod
1142 927 1364 972 STRABO
1398 939 1525 981 aperte
1574 929 1705 983 prodit
1755 927 1840 970 libr.

518 986 632 1029 XIV.
666 984 822 1030 En'iia‘av
851 992 890 1032 ἐν
925 991 1008 1040 τῖις
1043 988 1243 1040 Ὀτσικῖις
1277 988 1358 1038 ‘riv
1393 990 1690 1047 Πκξθενότπην.
1755 992 1844 1032 Par-

479 1071 481 1073 ·
519 1051 712 1104 thenopen
735 1086 745 1105 ,
781 1054 1025 1095 Rhodiorum
1062 1041 1412 1107 vetuilum‘opus,
1449 1055 1573 1109 postea
1605 1068 1654 1096 ex
1688 1054 1839 1096 Chalci-

516 1113 684 1153 densibus
703 1146 713 1165 ,
767 1116 1012 1158 Pithecusacis
1030 1151 1040 1169 ,
1096 1118 1454 1171 Atheniensibusque
1473 1151 1484 1168 ,
1515 1121 1643 1159 immo
1665 1118 1742 1159 sero
1761 1129 1841 1160 tan·

516 1177 607 1216 dem
629 1175 832 1232 Campanis
849 1212 859 1230 ,
879 1179 1098 1234 superadditi
1133 1181 1314 1235 prioribus
1346 1182 1435 1220 noui
1454 1181 1601 1222 incolae
1630 1191 1843 1223 auxerunt:

518 1251 568 1280 ex
602 1253 680 1293 quo
713 1251 890 1295 tempore
923 1243 1145 1298 Neapoleos
1178 1245 1335 1284 nomine
1377 1243 1555 1284 celebrari
1607 1234 1765 1298 coepit:
1799 1255 1843 1286 vt

517 1303 655 1343 codem
689 1303 875 1345 Strabone
908 1307 1070 1348 docente
1105 1309 1294 1349 nouimus.
1365 1307 1513 1348 Horum
1546 1307 1759 1361 postremos
1784 1309 1843 1349 in·

516 1367 604 1406 vitis
635 1369 816 1420 prioribus
847 1371 997 1412 admitti
1032 1371 1191 1412 debuisse
1213 1403 1224 1423 ,
1257 1382 1401 1412 certum
1436 1372 1519 1412 est:
1552 1384 1665 1425 quam
1709 1373 1840 1413 volen-

519 1440 572 1469 tes
604 1431 821 1484 susceperint
855 1446 1001 1475 ceteros
1021 1467 1032 1486 ,
1067 1436 1237 1488 equidem
1270 1447 1345 1474 non
1380 1436 1545 1487 reperio.
1609 1434 1683 1475 Sed
1719 1435 1843 1478 Athe·

519 1493 706 1534 niensium
739 1497 779 1536 in
811 1509 906 1538 noua
939 1498 1031 1539 vrbe
1065 1501 1227 1552 regenda
1260 1507 1298 1537 et
1332 1498 1584 1539 constituenda
1606 1499 1840 1540 voluntatem

517 1557 555 1596 in
589 1558 722 1610 primis
754 1559 902 1601 valuisse
921 1595 933 1613 ,
951 1563 1071 1603 multa
1093 1563 1314 1616 persuadent
1337 1577 1345 1603 :
1370 1563 1568 1615 praecipue
1587 1563 1685 1612 quod
1713 1563 1841 1616 Apol-

514 1620 634 1660 linem
669 1631 780 1675 atqne
814 1624 983 1666 Dianam
1015 1627 1314 1678 conserti-atores,
1355 1623 1619 1679 (Οὐλιους,)
1670 1627 1840 1668 Athena-

517 1696 600 1724 rum
631 1686 878 1739 antiquissima
912 1691 1065 1730 numina
1086 1722 1097 1743 ‚
1150 1690 1355 1745 praecipuo
1385 1689 1486 1730 cultu
1526 1689 1564 1729 in
1599 1690 1724 1731 mimis
1773 1689 1842 1733 suis

516 1746 796 1802 prosequuntur.

634 1813 819 1856 Videntur
851 1826 976 1858 autem
1009 1816 1118 1858 siicile
1150 1817 1244 1858 inter
1277 1817 1309 1858 se
1339 1817 1552 1859 consttnsisse
1587 1828 1638 1856 ex
1678 1817 1838 1859 Euboea

518 1873 666 1916 addusti
700 1875 958 1921 Chalcidenses
989 1891 1099 1935 atque
1153 1880 1389 1922 Athenienses
1421 1882 1461 1922 in
1510 1891 1657 1921 taurum
1712 1893 1839 1926 nunus

516 1936 583 1976 suis
614 1939 946 1998 imprimendum3
980 1945 1164 1998 quoniam
1210 1945 1257 1986 iui
1293 1947 1458 1999 patrium
1510 1945 1548 1983 in
1581 1955 1631 1982 eo
1682 1957 1836 1985 morem

513 1998 786 2056 sequebantur3
818 2009 961 2061 quippe
998 2009 1181 2050 Euboeae
1215 2010 1320 2049 numi
1354 2009 1460 2048 bouis
1489 2016 1600 2059 capit
1634 2018 1696 2047 aut
1747 2020 1838 2061 pro-

518 2073 652 2105 tomcn
684 2067 892 2112 exhibent:
926 2072 967 2112 hi
1002 2083 1128 2113 autem
1160 2070 1390 2114 Cretensium
1411 2071 1616 2124 tyrannidis
1632 2082 1740 2125 atquc
1766 2083 1838 2113 cx·

1748 2133 1835 2175 cuffi
