2020 2668
593 96 646 141 G.
682 95 755 141 JV,
788 92 1000 140 Richmann
1021 127 1032 147 ,
1062 93 1148 150 Qua
1178 91 1323 133 ratione
1353 91 1641 132 instzumcntum
1659 121 1670 139 ‚
1690 103 1767 144 quo
1797 102 1911 144 quan-

787 161 872 201 titas
902 170 1018 213 aquic
1037 190 1048 210 ,
1098 157 1222 196 calore
1259 153 1540 209 atmosphacme
1589 155 1744 195 naturali
1775 165 1828 194 ex
1858 153 1914 193 su·

788 222 944 278 perficie
987 231 1104 275 aquae
1154 228 1255 261 certa
1305 219 1343 260 in
1383 221 1510 259 n'e‘rem
1566 217 1758 269 denatae,
1806 230 1916 260 com-

794 287 910 328 mode
943 282 1199 334 mensuratur,
1234 281 1395 323 construi
1428 282 1572 322 debeat.
1610 294 1651 334 p.
1689 291 1790 331 ²73·

600 350 639 396 1.
676 348 944 394 ll'eitbrechtii
963 380 973 400 ,
1005 346 1071 390 De
1101 359 1190 388 vcra
1242 345 1513 399 significatione
1561 344 1793 399 processuum
1835 356 1919 391 ma-

791 413 997 454 millarium
1028 411 1180 450 cerebri.
1223 423 1261 463 p.
1300 412 1400 458 276.

603 473 676 520 M.
715 471 938 530 Lomomsow
958 507 969 526 ,
1001 472 1067 515 De
1101 473 1267 514 tincturis
1299 472 1548 513 metallorum.
1586 485 1624 526 p.
1665 475 1766 515 286.

602 541 656 583 G.
685 540 761 584 W.
795 538 1022 584 Richmanni
1056 535 1120 578 De
1161 536 1399 577 electricirate
1440 537 1478 575 in
1513 537 1732 592 corporibus
1780 536 1920 591 produ-

791 603 912 646 cenda
944 613 1043 644 noua
1074 600 1298 642 tentamina.
1329 612 1369 656 p.
1407 611 1508 652 299.

975 726 1042 791 In
1080 720 1217 801 clcff’
1258 724 1339 786 Hi
1376 725 1535 784 orica.

606 848 647 895 1.
682 848 738 892 H.
771 845 977 899 Schulzii,
1010 844 1104 886 Duo
1141 845 1249 886 numi
1281 840 1497 886 Gelensium
1531 844 1707 887 illustrati.
1743 845 1921 901 p.’327.

610 912 742 955 Eiusd.
781 910 907 953 Numi
940 910 1089 949 Tmiani
1119 919 1160 949 et
1192 907 1379 949 Iustiniani
1412 909 1539 963 Augg.
1599 910 1732 963 quibus
1780 910 1923 951 barbati

801 972 1037 1013 exhibentur.
1078 984 1118 1023 p.
1155 981 1259 1018 333.

610 1033 743 1079 Eiusd.
778 1031 954 1074 Galeriae
987 1034 1160 1073 Valeriae
1192 1034 1294 1085 Aug.
1329 1035 1433 1074 numi
1475 1033 1645 1075 illustrati.
1712 1047 1752 1088 p.
1792 1047 1893 1086 343.

612 1098 744 1142 Eiusd.
782 1097 933 1137 Numus
967 1095 1365 1147 Marcianopolitarum
1399 1096 1601 1151 descriptus
1631 1111 1668 1150 p.
1707 1108 1808 1148 352.

611 1161 743 1204 Eiusd.
782 1159 936 1201 Numus
968 1156 1255 1209 Cyrenaeorum
1275 1156 1499 1198 Ptolemaeo
1520 1159 1710 1213 inscriptus
1743 1174 1783 1214 p.
1822 1171 1926 1211 355.

613 1224 744 1266 Eiusd.
780 1222 935 1264 Numus
969 1221 1260 1275 Neapolitarum
1295 1221 1514 1273 explicatus.
1551 1235 1590 1276 p.
1626 1226 1729 1274 364.

613 1287 747 1334 Eiusd.
781 1285 968 1329 Denarius
997 1294 1196 1340 argenteus
1227 1284 1390 1325 arabicus
1423 1286 1644 1339 explicatus.
1681 1301 1720 1340 p.
1758 1296 1862 1339 375.

859 1407 1244 1488 Astronomicae
1285 1405 1693 1488 Olfirztationes.

620 1529 673 1576 G.
708 1530 854 1589 Heinfii
873 1564 884 1583 ,
919 1527 984 1571 De
1019 1530 1087 1571 fitu
1118 1527 1377 1584 geographico
1409 1529 1529 1570 Iakuti
1560 1530 1662 1572 vrbis
1699 1528 1858 1578 Sibiriae
1888 1534 1935 1581 ad

812 1595 972 1640 fluuium
1003 1594 1147 1638 Lenam
1179 1594 1275 1636 fitae.
1309 1606 1350 1648 p.
1391 1601 1493 1644 385.
