2020 2668
508 118 531 145 2
537 116 596 156 90
732 103 813 146 DE
842 100 1150 147 TINCTVRJS
1182 101 1615 151 METALLORVM.

511 228 734 272 erumpente
752 230 832 258 aere
853 227 1016 271 raptum.
1037 216 1143 259 Nam
1169 229 1186 255 1
1204 215 1217 271 )
1238 229 1394 272 vapores
1411 217 1604 271 spirituum
1624 217 1822 261 acidorum

508 295 591 336 puri
613 281 895 321 inflammabiloe
922 293 997 321 nou
1034 280 1123 321 suut.
1147 280 1197 336 2)
1235 281 1367 322 Calces
1402 282 1647 322 metallorum
1667 314 1678 333 ,
1730 294 1826 336 quae

508 344 648 385 emiffis
665 344 872 384 ardentibus
892 344 1087 398 vaporibus
1105 343 1221 385 soluta
1248 346 1326 386 sunt
1348 378 1358 396 ,
1387 345 1461 385 fine
1479 345 1627 386 adiecto
1660 358 1823 399 corpore

507 409 632 461 aliquo
651 441 660 457 ,
679 408 781 461 quod
800 407 1059 449 inflammabili
1079 410 1236 449 materia
1253 409 1336 450 satis
1353 409 1515 450 abundat
1533 442 1544 462 ‚
1575 410 1697 450 reduci
1715 421 1826 464 pror·

507 470 562 512 sus
595 481 793 524 nequeunt.

622 528 659 576 5.
687 547 755 585 13.
791 534 956 591 Quando
988 535 1127 578 sermm
1172 536 1211 576 in
1244 535 1334 576 oleo
1368 535 1518 576 vitrioli
1557 537 1827 577 concentratis·

509 597 608 640 fimo
650 598 799 638 soluitur
825 631 836 650 ,
888 598 1007 652 puluis
1050 601 1156 653 niger
1195 598 1351 640 fimdum
1399 600 1493 653 petit
1513 632 1523 651 ,
1573 601 1635 653 qui
1669 601 1824 640 taudem

510 673 645 702 verum
680 660 825 715 sulphur
855 662 926 702 esse
961 662 1276 716 depmehenditur
1308 659 1402 718 (*).
1468 662 1555 704 Hoc
1587 673 1711 703 autem
1730 675 1825 704 con·

510 724 580 766 stat
610 736 659 766 ex
692 725 884 778 phlogisto
913 735 951 765 et
998 727 1105 767 acido
1135 726 1366 779 sulphureo,
1399 727 1499 780 quod
1533 738 1625 767 cum
1680 725 1823 766 Virrio-

508 787 585 829 lico
615 789 782 829 eiusdem
814 788 867 829 est
900 789 1045 830 indolis.
1113 790 1240 831 Acido
1273 790 1385 842 igitur
1418 789 1571 830 Vitrioli
1598 789 1733 829 serrum
1751 788 1825 830 sol·

510 852 618 892 venti
638 851 854 906 phlogiston
868 852 998 892 Martis
1016 852 1196 906 iungitur,
1217 853 1372 905 indeque
1390 852 1542 907 sulphur
1558 853 1818 906 componitur.

627 915 661 964 §.
687 929 754 965 ¹4·
792 913 1147 957 BechemsAuthor
1178 916 1230 956 est
1262 913 1380 966 (**)
1412 928 1463 957 ex
1496 918 1622 967 limo,
1649 915 1737 956 oleo
1755 916 1823 957 lini

509 977 772 1032 impraegnato
803 988 840 1017 et
875 978 1080 1031 inglobulos
1111 978 1272 1019 formato
1292 1011 1302 1030 ,
1335 979 1468 1020 deinde
1502 979 1602 1019 tosto
1633 988 1674 1018 et
1703 990 1723 1018 a
1750 989 1824 1019 ter-

511 1051 552 1083 ra
605 1041 740 1081 leuiore
757 1039 861 1081 eluto
880 1042 1071 1095 puluerem
1107 1043 1252 1095 nigrum
1272 1042 1426 1094 produci
1451 1075 1461 1094 ,
1481 1043 1639 1095 indeque
1668 1054 1823 1096 magne-

513 1104 559 1143 tis
587 1104 725 1144 virtute
745 1103 882 1144 sttrum
903 1104 1051 1144 extmhi
1070 1136 1082 1156 ,
1115 1105 1174 1144 cui
1205 1117 1335 1144 aurum
1357 1105 1448 1145 inest
1469 1121 1480 1158 ·‚
1501 1106 1536 1145 id
1557 1104 1673 1157 ipsum
1692 1114 1824 1146 tamen

510 1165 587 1207 fine
605 1166 691 1206 oleo
705 1167 768 1206 lini
789 1166 886 1206 haud
905 1179 1070 1220 vnquam
1091 1166 1289 1207 succedere.
1309 1168 1374 1208 Ad
1392 1168 1621 1208 orichalcum
1640 1178 1689 1206 ex
1706 1180 1826 1222 cupro

510 1228 793 1270 conficiendum
813 1228 1008 1270 adhibetur
1024 1230 1117 1284 lapis
1132 1230 1381 1282 calaminaris,
1395 1231 1454 1270 cui
1472 1230 1652 1271 carbones
1669 1230 1743 1271 triti
1763 1232 1828 1272 ad-

511 1293 644 1334 duntur
665 1326 675 1344 ,
692 1305 714 1333 e
730 1305 780 1332 im
800 1292 959 1334 infincm
979 1326 990 1345 ‚
1008 1303 1054 1333 vt
1088 1304 1209 1347 partes
1225 1292 1354 1348 lapidis
1371 1326 1383 1345 ,
1402 1306 1494 1347 quae
1514 1293 1723 1335 metallicae
1748 1294 1828 1336 sunt

510 1357 676 1408 indolis,
707 1356 880 1397 reductae
905 1369 997 1397 cum
1039 1368 1157 1410 cupro
1174 1357 1346 1410 coniungi
1381 1356 1517 1410 possint
1556 1353 1722 1410 (***).

628 1421 650 1469 ξ
688 1432 704 1458 ι
722 1430 759 1468 ς.
792 1419 857 1461 Ex
888 1420 1007 1461 allatis
1039 1419 1219 1461 hactenus
1248 1421 1485 1461 documentis
1502 1420 1580 1461 latis
1596 1421 1738 1462 constat
1755 1421 1792 1462 id
1813 1452 1828 1475 ,

510 1484 612 1539 quod
646 1484 680 1532 ς.
708 1495 773 1522 ιο.
808 1483 1081 1537 proposuimus.
1121 1483 1231 1540 Quae
1271 1484 1404 1523 omnia
1447 1484 1529 1525 licet
1559 1483 1605 1524 ad
1646 1485 1826 1538 ignobilia

510 1548 665 1589 metalla
698 1548 825 1601 potius
854 1546 1040 1588 reserenda
1074 1547 1176 1600 sunr;
1209 1545 1320 1587 sacilis
1345 1557 1474 1588 tamen
1499 1547 1707 1588 eorundem
1733 1560 1823 1589 cum

510 1611 694 1652 nobilibus
728 1623 794 1664 per
827 1610 1007 1652 fiifionem
1038 1611 1257 1651 coniunctio
1279 1641 1291 1661 ‚
1324 1609 1676 1665 homogeneitatem
1699 1643 1710 1662 ,
1728 1624 1824 1665 quae

511 1674 550 1715 in
582 1687 716 1715 eorum
748 1673 916 1714 tincturis
946 1674 998 1715 est
1017 1707 1028 1725 ,
1070 1674 1167 1715 haud
1210 1674 1362 1714 obscure
1402 1675 1557 1728 arguit3
1605 1675 1822 1727 praesertim

509 1751 599 1779 cum
635 1737 822 1792 phlogisto
854 1738 1073 1790 ignobilium
1106 1737 1216 1778 color
1247 1736 1457 1778 nobilissimi
1491 1737 1727 1778 metallorum
1754 1751 1824 1780 ex-

510 1801 608 1841 altari
640 1800 764 1841 soleat.
849 1799 1044 1854 Squidem
1088 1801 1255 1855 Regulus
1286 1801 1503 1842 Antimonii
1541 1800 1720 1841 Martialis
1758 1811 1824 1843 aut

512 1864 703 1905 Venercus
722 1895 733 1914 ‚
776 1864 839 1919 qui
873 1864 1062 1920 phlogisto
1100 1864 1184 1906 ferri
1217 1874 1277 1906 aut
1314 1865 1419 1920 cupri
1462 1863 1710 1920 perfufionem
1746 1865 1821 1905 im-

1711 1939 1823 1979 prae·

589 2012 637 2048 (')
661 2012 776 2043 Samius
799 2015 825 2041 in
849 2015 972 2043 Trnstztu
998 2013 1031 2042 de
1055 2015 1191 2054 sulphure.

587 2053 646 2087 θ’)
673 2059 703 2081 ln
731 2055 837 2083 Mxnm
860 2057 993 2090 trenam,
1018 2055 1110 2086 hun.

588 2096 665 2132 (ω)
686 2095 800 2127 &mlius
824 2098 852 2125 in
880 2096 1008 2126 Tuam:
1032 2097 1068 2127 de
1091 2096 1236 2138 Sulphure.
