2020 2668
205 102 284 171 DE
302 123 629 170 SVPERFJCIE
659 126 927 173 crtmnffl
962 130 1035 171 ET
1053 130 1196 172 com
1237 126 1396 175 SCAL.
1432 143 1489 183 93

201 240 318 282 lubitu
349 254 450 283 arcus
482 240 650 295 aequales
679 238 772 281 AM
794 273 804 292 ,
821 250 858 279 et
879 240 951 280 FE
971 271 981 290 ,
1001 241 1336 294 coniunganturque
1355 242 1494 294 puncsta

203 302 280 356 M,
313 304 379 358 E3
416 306 485 345 erit
518 303 564 345 M
584 304 618 344 E
652 303 743 344 latus
790 303 970 354 cylindri:
1029 304 1085 343 cui
1134 306 1354 356 adiungatur
1399 304 1494 344 aliud

198 366 343 408 infinite
374 368 538 408 vicinum
558 398 569 417 ‚
587 365 798 419 parallelum
819 398 829 417 ,
847 379 882 406 m
899 379 921 405 e
941 380 951 419 3
970 368 1111 419 eritque
1129 367 1175 407 sic
1199 367 1497 421 parallelogram-

202 429 349 470 mulum
383 430 554 471 MmeE
587 430 817 469 elementum
852 428 1053 481 superficiei
1083 430 1304 480 cylindricae
1331 430 1497 481 scalenae,

200 493 300 533 cuius
330 494 453 534 areola
483 492 537 534 est
569 491 825 543 inuestiganda.
892 491 937 532 In
970 491 1062 533 Mm
1092 493 1353 546 prolongatam
1374 494 1491 533 vtrin-

200 566 272 608 que
291 587 303 605 ,
341 555 461 596 donec
507 552 693 596 diametro
727 553 801 593 AI
832 563 1001 595 occurrat
1050 556 1087 594 in
1120 553 1182 606 Β,
1232 556 1309 596 hoc
1340 555 1391 596 est
1413 588 1423 607 ,
1457 556 1496 595 in

199 625 413 670 tangentem
445 617 574 671 pundti
603 616 651 658 M
673 648 684 668 ,
713 616 930 657 demittatur
946 629 995 657 ex
1013 617 1046 657 Ε
1066 618 1369 672 perpendiculum
1389 618 1426 659 E
1442 616 1494 658 C:

200 681 269 720 erit
300 692 391 733 ergo
421 681 544 722 areola
577 679 734 734 quaesita
769 677 1055 720 :meEG
1137 681 1203 721 Est
1236 691 1360 721 autem
1396 681 1498 722 Mm

199 740 437 783 elementum'
461 743 617 795 circuli,
650 741 873 794 respondens
902 740 1101 795 adplicatae
1131 742 1250 798 PM;
1283 743 1391 784 restat
1425 745 1497 798 igi-

200 812 261 845 tur
291 805 496 858 indaganda
529 805 601 846 sola
632 802 712 844 EC
733 835 744 855 ,
776 804 1086 856 perpendicularis
1114 816 1166 845 ex
1194 806 1234 847 E
1272 806 1313 846 in
1344 815 1499 859 tangen-

200 874 279 906 tem
308 867 434 907 circuli
465 865 571 907 MC.

313 926 348 977 ς.
369 941 410 978 3.
446 928 548 969 Haec
579 925 660 969 EC
692 938 736 968 vt
766 927 974 968 commode
1005 927 1276 973 determinetur
1295 961 1306 980 ,
1347 928 1500 972 ducatur

196 987 295 1029 MD
327 990 495 1043 parallela
525 991 711 1031 diametro
742 989 841 1041 Al,
872 1000 911 1030 et
939 992 1157 1031 demittatur
1185 1004 1235 1033 ex
1270 992 1304 1033 E
1336 1004 1495 1047 perpen-

194 1051 360 1093 dicularis
390 1052 427 1092 in
461 1053 614 1106 planum
649 1052 770 1093 baseos
803 1052 1013 1104 inferioris,
1063 1067 1156 1107 quae
1205 1055 1405 1096 neceffiirio
1435 1069 1495 1097 ca

195 1114 258 1154 det
292 1114 331 1154 in
363 1115 546 1168 punctum
579 1115 726 1169 aliquod
761 1116 884 1156 reihe
917 1116 1050 1169 MD,
1083 1117 1183 1170 quod
1213 1117 1398 1172 punitum
1425 1120 1498 1160 ita-

195 1188 266 1229 que
299 1177 343 1217 sit
374 1177 446 1229 D,
478 1178 558 1229 ita,
591 1187 635 1218 vt
666 1178 776 1218 ducta
809 1178 908 1218 recta
940 1177 973 1219 C
985 1178 1060 1230 D
1109 1180 1232 1233 anguli
1283 1179 1428 1223 MDE
1459 1170 1498 1224 et

197 1236 326 1280 CDE
358 1239 428 1280 sint
459 1239 566 1280 rec‘ti.
631 1238 737 1280 Dico
766 1241 868 1292 iam,
913 1242 1086 1293 angulum
1139 1243 1176 1282 in
1209 1242 1325 1296 plano
1374 1225 1503 1285 baseos

195 1299 374 1342 inferioris
403 1303 588 1343 iacentem
622 1301 712 1343 MC
729 1302 771 1343 D
803 1305 917 1344 etiam
951 1301 1023 1344 effe
1061 1303 1217 1344 testum.
1302 1305 1495 1361 Quoniam

175 1360 300 1403 ‘enim
333 1364 426 1404 dnae
459 1364 579 1405 rest-ie
610 1364 711 1406 MD
739 1375 777 1404 et
808 1364 891 1406 CD
911 1398 921 1417 ,
955 1367 994 1405 in
1027 1364 1138 1417 plano
1157 1365 1317 1407 interiori
1335 1369 1464 1409 duetae
1483 1400 1496 1419 ‚

196 1426 348 1480 angulos
378 1427 499 1467 rectos
529 1427 664 1467 ficiunt
695 1439 785 1467 cum
819 1429 926 1468 vnica
978 1427 1064 1469 DE
1087 1459 1097 1479 ,
1145 1441 1240 1482 quae
1287 1430 1408 1471 erecta
1440 1430 1495 1471 est

195 1488 236 1528 in
269 1487 383 1542 plano
412 1487 541 1530 CDE
571 1488 705 1530 stirsum
738 1490 911 1543 protenso
944 1503 992 1530 ex
1025 1492 1231 1531 communi.
1259 1492 1464 1545 pune'toD
1486 1509 1497 1549 ²:

196 1560 298 1604 patet
318 1581 329 1601 ,
364 1550 469 1605 plana
500 1553 726 1605 triaugularia
759 1551 850 1593 MC
859 1552 901 1593 D
934 1563 972 1594 et
1007 1551 1040 1593 C
1050 1552 1137 1594 DE
1185 1555 1249 1594 fibi
1284 1566 1416 1596 mutuo
1447 1556 1494 1598 ad

194 1613 347 1667 angulos
377 1614 495 1654 rectos
526 1614 682 1656 insistere
764 1613 866 1655 Cum
899 1617 1020 1670 itaque
1054 1616 1152 1657 reeta
1188 1615 1279 1658 MC
1311 1617 1496 1661 fficiatan-

191 1676 320 1729 guium
353 1676 500 1717 rectum
529 1689 618 1717 cum
649 1675 758 1729 CE,
791 1690 843 1718 ex
883 1678 1109 1732 hypothesi:
1164 1679 1273 1720 faciet
1306 1693 1349 1720 ea
1383 1693 1496 1735 angu-

193 1737 251 1778 los
279 1736 401 1779 rectos
429 1751 517 1779 cum
549 1740 723 1780 omnibus
759 1740 904 1793 reliquis
953 1741 1055 1781 lineis
1103 1754 1154 1781 ex
1187 1743 1328 1796 punc'to
1361 1741 1422 1794 C,
1457 1745 1495 1784 in

194 1799 307 1853 plano
337 1798 466 1841 CDE
495 1801 642 1856 ducti53
673 1814 763 1854 ergo
795 1803 910 1843 ctiam
943 1816 1030 1843 cum
1065 1801 1181 1858 (ΣΙ),
1214 1818 1322 1860 quare
1354 1805 1497 1847 MCD

195 1863 247 1904 est
280 1863 429 1917 angulus
462 1864 590 1904 rectus.

308 1926 344 1975 ξ.
363 1940 405 1976 4..
441 1926 509 1966 His
539 1927 590 1966 ita
624 1927 824 1980 praemissis
855 1940 931 1967 non
972 1928 1122 1970 difficile
1172 1930 1242 1969 erit
1290 1930 1494 1972 mensurim

193 1987 319 2028 restae
354 1986 460 2039 EC,
494 1990 805 2042 perpendicularis
838 1991 883 2031 ad
918 2000 1133 2045 tangentem
1170 1991 1293 2042 MC,
1339 1994 1481 2035 exhibe

192 2062 245 2091 re.
309 2049 393 2091 Sint
423 2052 529 2091 enim
549 2052 718 2106 ,posito
751 2053 783 2093 K
815 2062 944 2093 centro
976 2053 1133 2106 baseos,
1167 2055 1300 2095 KP:
1309 2069 1368 2109 κ’,
1404 2057 1495 2097 ΡΜ

765 2116 809 2156 M
847 2126 871 2163 3
1407 2134 1498 2174 :ty
