<?xml version="1.0" encoding="UTF-8"?>
<!DOCTYPE html PUBLIC "-//W3C//DTD XHTML 1.0 Transitional//EN"
    "http://www.w3.org/TR/xhtml1/DTD/xhtml1-transitional.dtd">
<html xmlns="http://www.w3.org/1999/xhtml" xml:lang="en" lang="en">
 <head>
  <title>
</title>
<meta http-equiv="Content-Type" content="text/html;charset=utf-8" />
  <meta name='ocr-system' content='tesseract 3.04.00' />
  <meta name='ocr-capabilities' content='ocr_page ocr_carea ocr_par ocr_line ocrx_word'/>
</head>
<body>
  <div class='ocr_page' id='page_1' title='image "./commentariiacade14impe/commentariiacade14impe_0208.png"; bbox 0 0 2020 2668; ppageno 0'>
   <div class='ocr_carea' id='block_1_1' title="bbox 509 58 1538 108">
    <p class='ocr_par' dir='ltr' id='par_1_1' title="bbox 509 58 1538 108">
     <span class='ocr_line' id='line_1_1' title="bbox 509 58 1538 108; baseline 0 -5"><span class='ocrx_word' id='word_1_1' title='bbox 509 75 597 104; x_wconf 78' lang='lat'>200</span> <span class='ocrx_word' id='word_1_2' title='bbox 710 59 1275 108; x_wconf 76' lang='lat' dir='ltr'><em>ANIMADVERSIONES</em></span> <span class='ocrx_word' id='word_1_3' title='bbox 1308 58 1538 105; x_wconf 74' lang='lat' dir='ltr'><em>VARrAE</em></span> 
     </span>
    </p>
   </div>
   <div class='ocr_carea' id='block_1_2' title="bbox 464 172 1828 2010">
    <p class='ocr_par' dir='ltr' id='par_1_2' title="bbox 464 172 1828 2010">
     <span class='ocr_line' id='line_1_2' title="bbox 505 172 1828 232; baseline -0.003 -13"><span class='ocrx_word' id='word_1_4' title='bbox 505 177 532 218; x_wconf 77' lang='lat' dir='ltr'>si</span> <span class='ocrx_word' id='word_1_5' title='bbox 563 190 705 232; x_wconf 86' lang='lat' dir='ltr'>nempe</span> <span class='ocrx_word' id='word_1_6' title='bbox 741 178 792 219; x_wconf 88' lang='lat' dir='ltr'>rei</span> <span class='ocrx_word' id='word_1_7' title='bbox 840 174 1058 218; x_wconf 86' lang='lat' dir='ltr'>efficiendae</span> <span class='ocrx_word' id='word_1_8' title='bbox 1111 172 1210 215; x_wconf 86' lang='lat' dir='ltr'>nulla</span> <span class='ocrx_word' id='word_1_9' title='bbox 1242 173 1312 215; x_wconf 79' lang='lat' dir='ltr'>alia</span> <span class='ocrx_word' id='word_1_10' title='bbox 1345 185 1461 228; x_wconf 87' lang='lat' dir='ltr'>quam</span> <span class='ocrx_word' id='word_1_11' title='bbox 1493 172 1668 215; x_wconf 65' lang='lat' dir='ltr'>stru-stura</span> <span class='ocrx_word' id='word_1_12' title='bbox 1703 173 1828 215; x_wconf 75' lang='lat' dir='ltr'>vastu-</span> 
     </span>
     <span class='ocr_line' id='line_1_3' title="bbox 504 240 971 282; baseline -0.002 -1"><span class='ocrx_word' id='word_1_13' title='bbox 504 241 587 282; x_wconf 83' lang='lat' dir='ltr'>laris</span> <span class='ocrx_word' id='word_1_14' title='bbox 618 241 810 282; x_wconf 71' lang='lat' dir='ltr'>necessaria</span> <span class='ocrx_word' id='word_1_15' title='bbox 842 240 971 281; x_wconf 76' lang='lat' dir='ltr'>suisset.</span> 
     </span>
     <span class='ocr_line' id='line_1_4' title="bbox 464 299 1824 358; baseline -0.003 -12"><span class='ocrx_word' id='word_1_16' title='bbox 464 344 468 346; x_wconf 80' lang='grc'>.</span> <span class='ocrx_word' id='word_1_17' title='bbox 620 303 696 346; x_wconf 86' lang='lat' dir='ltr'>Sed</span> <span class='ocrx_word' id='word_1_18' title='bbox 726 305 953 346; x_wconf 78' lang='lat' dir='ltr'>contrarium</span> <span class='ocrx_word' id='word_1_19' title='bbox 986 300 1104 344; x_wconf 90' lang='lat' dir='ltr'>oculis</span> <span class='ocrx_word' id='word_1_20' title='bbox 1137 310 1216 345; x_wconf 84' lang='lat' dir='ltr'>tam</span> <span class='ocrx_word' id='word_1_21' title='bbox 1235 299 1425 358; x_wconf 82' lang='lat' dir='ltr'>perspicue</span> <span class='ocrx_word' id='word_1_22' title='bbox 1443 310 1515 355; x_wconf 82' lang='lat' dir='ltr'>,vt</span> <span class='ocrx_word' id='word_1_23' title='bbox 1533 301 1659 356; x_wconf 82' lang='lat' dir='ltr'>optari</span> <span class='ocrx_word' id='word_1_24' title='bbox 1678 300 1824 356; x_wconf 81' lang='lat' dir='ltr'>potest,</span> 
     </span>
     <span class='ocr_line' id='line_1_5' title="bbox 504 363 1825 422; baseline -0.001 -14"><span class='ocrx_word' id='word_1_25' title='bbox 504 367 758 422; x_wconf 83' lang='lat' dir='ltr'>conspicitur,</span> <span class='ocrx_word' id='word_1_26' title='bbox 793 380 864 422; x_wconf 89' lang='lat' dir='ltr'>qua</span> <span class='ocrx_word' id='word_1_27' title='bbox 897 377 1039 421; x_wconf 85' lang='lat' dir='ltr'>nempe</span> <span class='ocrx_word' id='word_1_28' title='bbox 1089 368 1232 408; x_wconf 74' lang='lat' dir='ltr'>ratione</span> <span class='ocrx_word' id='word_1_29' title='bbox 1281 378 1304 406; x_wconf 93' lang='lat' dir='ltr'>e</span> <span class='ocrx_word' id='word_1_30' title='bbox 1337 365 1460 407; x_wconf 83' lang='lat' dir='ltr'>mixta</span> <span class='ocrx_word' id='word_1_31' title='bbox 1499 363 1695 406; x_wconf 76' lang='lat' dir='ltr'>substantia</span> <span class='ocrx_word' id='word_1_32' title='bbox 1730 365 1825 407; x_wconf 69' lang='lat' dir='ltr'>vesi-</span> 
     </span>
     <span class='ocr_line' id='line_1_6' title="bbox 504 429 1824 484; baseline 0 -14"><span class='ocrx_word' id='word_1_33' title='bbox 504 430 830 472; x_wconf 75' lang='lat' dir='ltr'>culari-vasculofil</span> <span class='ocrx_word' id='word_1_34' title='bbox 879 430 1018 472; x_wconf 72' lang='lat' dir='ltr'>viscera</span> <span class='ocrx_word' id='word_1_35' title='bbox 1067 444 1090 472; x_wconf 86' lang='lat' dir='ltr'>a</span> <span class='ocrx_word' id='word_1_36' title='bbox 1124 441 1255 473; x_wconf 84' lang='lat' dir='ltr'>natura</span> <span class='ocrx_word' id='word_1_37' title='bbox 1295 439 1605 484; x_wconf 78' lang='lat' dir='ltr'>componantur:</span> <span class='ocrx_word' id='word_1_38' title='bbox 1642 429 1746 483; x_wconf 89' lang='lat' dir='ltr'>quod</span> <span class='ocrx_word' id='word_1_39' title='bbox 1784 441 1824 470; x_wconf 90' lang='lat'>1.</span> 
     </span>
     <span class='ocr_line' id='line_1_7' title="bbox 502 493 1824 549; baseline -0.001 -15"><span class='ocrx_word' id='word_1_40' title='bbox 502 494 684 549; x_wconf 86' lang='lat' dir='ltr'>exempla</span> <span class='ocrx_word' id='word_1_41' title='bbox 725 505 765 536; x_wconf 93' lang='lat' dir='ltr'>et</span> <span class='ocrx_word' id='word_1_42' title='bbox 815 494 1086 549; x_wconf 73' lang='lat' dir='ltr'>destriptiones</span> <span class='ocrx_word' id='word_1_43' title='bbox 1135 495 1183 536; x_wconf 91' lang='lat' dir='ltr'>ad</span> <span class='ocrx_word' id='word_1_44' title='bbox 1233 493 1311 535; x_wconf 88' lang='lat' dir='ltr'>hoc</span> <span class='ocrx_word' id='word_1_45' title='bbox 1363 503 1516 548; x_wconf 81' lang='lat' dir='ltr'>tempus</span> <span class='ocrx_word' id='word_1_46' title='bbox 1565 493 1824 546; x_wconf 82' lang='lat' dir='ltr'>comprobant</span> 
     </span>
     <span class='ocr_line' id='line_1_8' title="bbox 504 555 1826 613; baseline -0.001 -15"><span class='ocrx_word' id='word_1_47' title='bbox 504 558 786 613; x_wconf 76' lang='lat' dir='ltr'>quadrupedum</span> <span class='ocrx_word' id='word_1_48' title='bbox 807 590 818 611; x_wconf 90' lang='lat'>,</span> <span class='ocrx_word' id='word_1_49' title='bbox 853 558 1062 599; x_wconf 72' lang='lat' dir='ltr'>volatilium</span> <span class='ocrx_word' id='word_1_50' title='bbox 1094 568 1134 598; x_wconf 88' lang='lat' dir='ltr'>et</span> <span class='ocrx_word' id='word_1_51' title='bbox 1167 556 1322 612; x_wconf 89' lang='lat' dir='ltr'>piscium</span> <span class='ocrx_word' id='word_1_52' title='bbox 1357 558 1551 598; x_wconf 78' lang='lat' dir='ltr'>variorum</span> <span class='ocrx_word' id='word_1_53' title='bbox 1601 556 1695 598; x_wconf 84' lang='lat' dir='ltr'>teste</span> <span class='ocrx_word' id='word_1_54' title='bbox 1728 555 1754 597; x_wconf 90' lang='lat' dir='ltr'>s.</span> <span class='ocrx_word' id='word_1_55' title='bbox 1788 569 1826 598; x_wconf 91' lang='lat' dir='ltr'>c.</span> 
     </span>
     <span class='ocr_line' id='line_1_9' title="bbox 504 619 1827 677; baseline -0.002 -14"><span class='ocrx_word' id='word_1_56' title='bbox 504 619 650 676; x_wconf 78' lang='lat' dir='ltr'>(Epist.</span> <span class='ocrx_word' id='word_1_57' title='bbox 691 636 730 674; x_wconf 82' lang='lat'>3.</span> <span class='ocrx_word' id='word_1_58' title='bbox 767 620 911 677; x_wconf 83' lang='lat' dir='ltr'>Anat.)</span> <span class='ocrx_word' id='word_1_59' title='bbox 950 634 989 661; x_wconf 83' lang='lat'>2.</span> <span class='ocrx_word' id='word_1_60' title='bbox 1027 621 1221 676; x_wconf 78' lang='lat' dir='ltr'>speciatim</span> <span class='ocrx_word' id='word_1_61' title='bbox 1256 633 1300 662; x_wconf 84' lang='lat' dir='ltr'>ac</span> <span class='ocrx_word' id='word_1_62' title='bbox 1333 621 1458 662; x_wconf 91' lang='lat' dir='ltr'>multo</span> <span class='ocrx_word' id='word_1_63' title='bbox 1489 621 1611 661; x_wconf 84' lang='lat' dir='ltr'>adhuc</span> <span class='ocrx_word' id='word_1_64' title='bbox 1629 632 1743 676; x_wconf 89' lang='lat' dir='ltr'>quam</span> <span class='ocrx_word' id='word_1_65' title='bbox 1760 633 1827 662; x_wconf 90' lang='lat' dir='ltr'>an-</span> 
     </span>
     <span class='ocr_line' id='line_1_10' title="bbox 499 684 1827 740; baseline 0.001 -15"><span class='ocrx_word' id='word_1_66' title='bbox 499 694 561 726; x_wconf 91' lang='lat' dir='ltr'>tea</span> <span class='ocrx_word' id='word_1_67' title='bbox 594 687 724 727; x_wconf 83' lang='lat' dir='ltr'>clarius</span> <span class='ocrx_word' id='word_1_68' title='bbox 764 697 802 728; x_wconf 91' lang='lat' dir='ltr'>et</span> <span class='ocrx_word' id='word_1_69' title='bbox 851 685 1054 740; x_wconf 80' lang='lat' dir='ltr'>(implicitis</span> <span class='ocrx_word' id='word_1_70' title='bbox 1110 697 1168 726; x_wconf 86' lang='lat' dir='ltr'>res</span> <span class='ocrx_word' id='word_1_71' title='bbox 1215 694 1304 726; x_wconf 84' lang='lat' dir='ltr'>ante</span> <span class='ocrx_word' id='word_1_72' title='bbox 1337 685 1467 726; x_wconf 86' lang='lat' dir='ltr'>oculos</span> <span class='ocrx_word' id='word_1_73' title='bbox 1518 684 1638 740; x_wconf 84' lang='lat' dir='ltr'>posita</span> <span class='ocrx_word' id='word_1_74' title='bbox 1687 685 1739 726; x_wconf 86' lang='lat' dir='ltr'>est</span> <span class='ocrx_word' id='word_1_75' title='bbox 1770 684 1827 726; x_wconf 80' lang='lat' dir='ltr'>fi:-</span> 
     </span>
     <span class='ocr_line' id='line_1_11' title="bbox 500 748 1823 804; baseline 0.001 -15"><span class='ocrx_word' id='word_1_76' title='bbox 500 752 624 804; x_wconf 87' lang='lat' dir='ltr'>quenti</span> <span class='ocrx_word' id='word_1_77' title='bbox 660 750 946 804; x_wconf 81' lang='lat' dir='ltr'>incomparabili</span> <span class='ocrx_word' id='word_1_78' title='bbox 979 749 1165 803; x_wconf 86' lang='lat' dir='ltr'>exemplo</span> <span class='ocrx_word' id='word_1_79' title='bbox 1184 782 1195 801; x_wconf 94' lang='lat'>‚</span> <span class='ocrx_word' id='word_1_80' title='bbox 1227 750 1275 790; x_wconf 93' lang='lat' dir='ltr'>de</span> <span class='ocrx_word' id='word_1_81' title='bbox 1308 759 1384 803; x_wconf 91' lang='lat' dir='ltr'>quo</span> <span class='ocrx_word' id='word_1_82' title='bbox 1416 749 1495 789; x_wconf 89' lang='lat' dir='ltr'>iarn</span> <span class='ocrx_word' id='word_1_83' title='bbox 1527 748 1729 789; x_wconf 87' lang='lat' dir='ltr'>dicendum</span> <span class='ocrx_word' id='word_1_84' title='bbox 1758 748 1823 790; x_wconf 87' lang='lat' dir='ltr'>est.</span> 
     </span>
     <span class='ocr_line' id='line_1_12' title="bbox 618 812 1827 867; baseline 0 -13"><span class='ocrx_word' id='word_1_85' title='bbox 618 813 857 867; x_wconf 79' lang='lat' dir='ltr'>Exemplum</span> <span class='ocrx_word' id='word_1_86' title='bbox 912 813 1001 854; x_wconf 90' lang='lat' dir='ltr'>illud</span> <span class='ocrx_word' id='word_1_87' title='bbox 1042 813 1088 853; x_wconf 87' lang='lat' dir='ltr'>ad</span> <span class='ocrx_word' id='word_1_88' title='bbox 1128 814 1388 854; x_wconf 85' lang='lat' dir='ltr'>erinaccorum</span> <span class='ocrx_word' id='word_1_89' title='bbox 1423 812 1536 853; x_wconf 79' lang='lat' dir='ltr'>vbem</span> <span class='ocrx_word' id='word_1_90' title='bbox 1555 845 1566 864; x_wconf 92' lang='lat'>,</span> <span class='ocrx_word' id='word_1_91' title='bbox 1617 812 1827 865; x_wconf 66' lang='lat' dir='ltr'>lactationis</span> 
     </span>
     <span class='ocr_line' id='line_1_13' title="bbox 502 875 1821 930; baseline 0 -14"><span class='ocrx_word' id='word_1_92' title='bbox 502 876 675 929; x_wconf 72' lang='lat' dir='ltr'>inprimis</span> <span class='ocrx_word' id='word_1_93' title='bbox 708 887 883 930; x_wconf 90' lang='lat' dir='ltr'>tempore</span> <span class='ocrx_word' id='word_1_94' title='bbox 917 887 955 916; x_wconf 87' lang='lat' dir='ltr'>et</span> <span class='ocrx_word' id='word_1_95' title='bbox 990 876 1173 917; x_wconf 77' lang='lat' dir='ltr'>(iibcalido</span> <span class='ocrx_word' id='word_1_96' title='bbox 1206 876 1326 916; x_wconf 85' lang='lat' dir='ltr'>adhuc</span> <span class='ocrx_word' id='word_1_97' title='bbox 1359 888 1520 929; x_wconf 90' lang='lat' dir='ltr'>corpore</span> <span class='ocrx_word' id='word_1_98' title='bbox 1540 907 1550 926; x_wconf 93' lang='lat'>‚</span> <span class='ocrx_word' id='word_1_99' title='bbox 1588 875 1756 929; x_wconf 64' lang='lat' dir='ltr'>spectat:</span> <span class='ocrx_word' id='word_1_100' title='bbox 1786 878 1821 916; x_wconf 92' lang='lat' dir='ltr'>in</span> 
     </span>
     <span class='ocr_line' id='line_1_14' title="bbox 501 938 1819 993; baseline -0.001 -14"><span class='ocrx_word' id='word_1_101' title='bbox 501 941 659 993; x_wconf 82' lang='lat' dir='ltr'>quibus,</span> <span class='ocrx_word' id='word_1_102' title='bbox 692 950 779 980; x_wconf 89' lang='lat' dir='ltr'>cute</span> <span class='ocrx_word' id='word_1_103' title='bbox 811 941 991 980; x_wconf 72' lang='lat' dir='ltr'>duntaxat</span> <span class='ocrx_word' id='word_1_104' title='bbox 1042 938 1177 990; x_wconf 69' lang='lat' dir='ltr'>incilii,</span> <span class='ocrx_word' id='word_1_105' title='bbox 1210 948 1291 980; x_wconf 87' lang='lat' dir='ltr'>tam</span> <span class='ocrx_word' id='word_1_106' title='bbox 1342 939 1486 979; x_wconf 81' lang='lat' dir='ltr'>interna</span> <span class='ocrx_word' id='word_1_107' title='bbox 1522 951 1637 992; x_wconf 84' lang='lat' dir='ltr'>quam</span> <span class='ocrx_word' id='word_1_108' title='bbox 1671 950 1819 979; x_wconf 76' lang='lat' dir='ltr'>exrema</span> 
     </span>
     <span class='ocr_line' id='line_1_15' title="bbox 501 1001 1821 1057; baseline -0.002 -14"><span class='ocrx_word' id='word_1_109' title='bbox 501 1003 713 1057; x_wconf 81' lang='lat' dir='ltr'>superficie,</span> <span class='ocrx_word' id='word_1_110' title='bbox 747 1001 843 1056; x_wconf 71' lang='lat' dir='ltr'>iplae</span> <span class='ocrx_word' id='word_1_111' title='bbox 881 1003 1088 1052; x_wconf 66' lang='lat' dir='ltr'>vesiculae,</span> <span class='ocrx_word' id='word_1_112' title='bbox 1123 1002 1328 1042; x_wconf 86' lang='lat' dir='ltr'>incredibili</span> <span class='ocrx_word' id='word_1_113' title='bbox 1370 1001 1571 1056; x_wconf 82' lang='lat' dir='ltr'>frequentia</span> <span class='ocrx_word' id='word_1_114' title='bbox 1594 1035 1604 1054; x_wconf 87' lang='lat'>,</span> <span class='ocrx_word' id='word_1_115' title='bbox 1656 1006 1821 1056; x_wconf 69' lang='lat' dir='ltr'>protum&gt;</span> 
     </span>
     <span class='ocr_line' id='line_1_16' title="bbox 501 1065 1818 1120; baseline -0.002 -14"><span class='ocrx_word' id='word_1_116' title='bbox 501 1067 570 1106; x_wconf 81' lang='lat' dir='ltr'>scl&#39;e</span> <span class='ocrx_word' id='word_1_117' title='bbox 605 1067 763 1120; x_wconf 76' lang='lat' dir='ltr'>prodere</span> <span class='ocrx_word' id='word_1_118' title='bbox 800 1067 1013 1119; x_wconf 90' lang='lat' dir='ltr'>incipiunt,</span> <span class='ocrx_word' id='word_1_119' title='bbox 1051 1078 1088 1105; x_wconf 90' lang='lat' dir='ltr'>ct</span> <span class='ocrx_word' id='word_1_120' title='bbox 1122 1066 1168 1106; x_wconf 85' lang='lat' dir='ltr'>sic</span> <span class='ocrx_word' id='word_1_121' title='bbox 1203 1066 1355 1105; x_wconf 87' lang='lat' dir='ltr'>cuilibet</span> <span class='ocrx_word' id='word_1_122' title='bbox 1393 1066 1639 1119; x_wconf 68' lang='lat' dir='ltr'>[perstantium</span> <span class='ocrx_word' id='word_1_123' title='bbox 1675 1080 1740 1118; x_wconf 85' lang='lat' dir='ltr'>pcr</span> <span class='ocrx_word' id='word_1_124' title='bbox 1766 1065 1818 1116; x_wconf 72' lang='lat' dir='ltr'>le,</span> 
     </span>
     <span class='ocr_line' id='line_1_17' title="bbox 499 1121 1816 1182; baseline -0.001 -13"><span class='ocrx_word' id='word_1_125' title='bbox 499 1131 598 1171; x_wconf 87' lang='lat' dir='ltr'>nulla</span> <span class='ocrx_word' id='word_1_126' title='bbox 634 1141 815 1169; x_wconf 83' lang='lat' dir='ltr'>manuum</span> <span class='ocrx_word' id='word_1_127' title='bbox 848 1141 992 1182; x_wconf 76' lang='lat' dir='ltr'>opem,</span> <span class='ocrx_word' id='word_1_128' title='bbox 1028 1128 1128 1168; x_wconf 65' lang='lat' dir='ltr'>xltro</span> <span class='ocrx_word' id='word_1_129' title='bbox 1168 1121 1400 1182; x_wconf 71' lang='lat' dir='ltr'>conspicuae‘</span> <span class='ocrx_word' id='word_1_130' title='bbox 1424 1127 1518 1168; x_wconf 80' lang='lat' dir='ltr'>lunt.</span> <span class='ocrx_word' id='word_1_131' title='bbox 1600 1130 1816 1182; x_wconf 83' lang='lat' dir='ltr'>Antequam</span> 
     </span>
     <span class='ocr_line' id='line_1_18' title="bbox 498 1190 1822 1246; baseline -0.002 -12"><span class='ocrx_word' id='word_1_132' title='bbox 498 1193 565 1234; x_wconf 81' lang='lat' dir='ltr'>has</span> <span class='ocrx_word' id='word_1_133' title='bbox 601 1191 890 1246; x_wconf 72' lang='lat' dir='ltr'>persequamur,</span> <span class='ocrx_word' id='word_1_134' title='bbox 920 1190 1190 1232; x_wconf 78' lang='lat' dir='ltr'>obseruandum</span> <span class='ocrx_word' id='word_1_135' title='bbox 1243 1191 1295 1231; x_wconf 82' lang='lat' dir='ltr'>est</span> <span class='ocrx_word' id='word_1_136' title='bbox 1317 1222 1328 1242; x_wconf 86' lang='lat'>,</span> <span class='ocrx_word' id='word_1_137' title='bbox 1362 1190 1625 1232; x_wconf 86' lang='lat' dir='ltr'>crinaceorum</span> <span class='ocrx_word' id='word_1_138' title='bbox 1676 1193 1789 1232; x_wconf 58' lang='lat' dir='ltr'>ibera</span> <span class='ocrx_word' id='word_1_139' title='bbox 1811 1224 1822 1243; x_wconf 82' lang='lat'>,</span> 
     </span>
     <span class='ocr_line' id='line_1_19' title="bbox 498 1254 1818 1308; baseline -0.002 -12"><span class='ocrx_word' id='word_1_140' title='bbox 498 1268 660 1297; x_wconf 86' lang='lat' dir='ltr'>numero</span> <span class='ocrx_word' id='word_1_141' title='bbox 679 1288 689 1307; x_wconf 90' lang='lat'>,</span> <span class='ocrx_word' id='word_1_142' title='bbox 721 1256 842 1296; x_wconf 83' lang='lat' dir='ltr'>forma</span> <span class='ocrx_word' id='word_1_143' title='bbox 863 1288 873 1307; x_wconf 89' lang='lat'>,</span> <span class='ocrx_word' id='word_1_144' title='bbox 908 1268 951 1296; x_wconf 86' lang='lat' dir='ltr'>ac</span> <span class='ocrx_word' id='word_1_145' title='bbox 985 1255 1232 1308; x_wconf 85' lang='lat' dir='ltr'>amplitudine</span> <span class='ocrx_word' id='word_1_146' title='bbox 1257 1288 1268 1306; x_wconf 85' lang='lat'>,</span> <span class='ocrx_word' id='word_1_147' title='bbox 1300 1260 1346 1295; x_wconf 86' lang='lat' dir='ltr'>ab</span> <span class='ocrx_word' id='word_1_148' title='bbox 1372 1254 1450 1295; x_wconf 86' lang='lat' dir='ltr'>aliis</span> <span class='ocrx_word' id='word_1_149' title='bbox 1469 1255 1720 1296; x_wconf 79' lang='lat' dir='ltr'>animantibus</span> <span class='ocrx_word' id='word_1_150' title='bbox 1738 1267 1818 1296; x_wconf 89' lang='lat' dir='ltr'>ma—</span> 
     </span>
     <span class='ocr_line' id='line_1_20' title="bbox 497 1318 1822 1373; baseline -0.002 -13"><span class='ocrx_word' id='word_1_151' title='bbox 497 1321 626 1361; x_wconf 84' lang='lat' dir='ltr'>nifesto</span> <span class='ocrx_word' id='word_1_152' title='bbox 658 1319 889 1373; x_wconf 83' lang='lat' dir='ltr'>discrepare:</span> <span class='ocrx_word' id='word_1_153' title='bbox 923 1331 972 1358; x_wconf 87' lang='lat' dir='ltr'>cx</span> <span class='ocrx_word' id='word_1_154' title='bbox 1007 1318 1064 1359; x_wconf 77' lang='lat' dir='ltr'>his</span> <span class='ocrx_word' id='word_1_155' title='bbox 1096 1320 1202 1359; x_wconf 90' lang='lat' dir='ltr'>enim</span> <span class='ocrx_word' id='word_1_156' title='bbox 1237 1319 1318 1359; x_wconf 86' lang='lat' dir='ltr'>sunt</span> <span class='ocrx_word' id='word_1_157' title='bbox 1338 1352 1348 1369; x_wconf 93' lang='lat'>,</span> <span class='ocrx_word' id='word_1_158' title='bbox 1383 1331 1476 1371; x_wconf 85' lang='lat' dir='ltr'>quae</span> <span class='ocrx_word' id='word_1_159' title='bbox 1507 1319 1706 1373; x_wconf 89' lang='lat' dir='ltr'>multiplici</span> <span class='ocrx_word' id='word_1_160' title='bbox 1737 1319 1822 1360; x_wconf 64' lang='lat' dir='ltr'>lei-ie</span> 
     </span>
     <span class='ocr_line' id='line_1_21' title="bbox 496 1382 1818 1436; baseline -0.001 -12"><span class='ocrx_word' id='word_1_161' title='bbox 496 1383 780 1424; x_wconf 86' lang='lat' dir='ltr'>mamillarum:</span> <span class='ocrx_word' id='word_1_162' title='bbox 817 1383 888 1423; x_wconf 88' lang='lat' dir='ltr'>alia</span> <span class='ocrx_word' id='word_1_163' title='bbox 922 1393 1050 1422; x_wconf 86' lang='lat' dir='ltr'>contra</span> <span class='ocrx_word' id='word_1_164' title='bbox 1073 1415 1083 1433; x_wconf 88' lang='lat'>,</span> <span class='ocrx_word' id='word_1_165' title='bbox 1118 1396 1209 1436; x_wconf 84' lang='lat' dir='ltr'>quae</span> <span class='ocrx_word' id='word_1_166' title='bbox 1250 1395 1332 1423; x_wconf 63' lang='lat' dir='ltr'>x‘no</span> <span class='ocrx_word' id='word_1_167' title='bbox 1365 1382 1546 1423; x_wconf 75' lang='lat' dir='ltr'>duntaxat</span> <span class='ocrx_word' id='word_1_168' title='bbox 1596 1385 1674 1436; x_wconf 86' lang='lat' dir='ltr'>pari</span> <span class='ocrx_word' id='word_1_169' title='bbox 1727 1396 1818 1424; x_wconf 92' lang='lat' dir='ltr'>con-</span> 
     </span>
     <span class='ocr_line' id='line_1_22' title="bbox 497 1445 1818 1501; baseline 0.001 -14"><span class='ocrx_word' id='word_1_170' title='bbox 497 1448 619 1488; x_wconf 86' lang='lat' dir='ltr'>stant:</span> <span class='ocrx_word' id='word_1_171' title='bbox 655 1448 755 1500; x_wconf 81' lang='lat' dir='ltr'>apud</span> <span class='ocrx_word' id='word_1_172' title='bbox 790 1446 993 1497; x_wconf 84' lang='lat' dir='ltr'>nonnulla,</span> <span class='ocrx_word' id='word_1_173' title='bbox 1027 1445 1185 1500; x_wconf 78' lang='lat' dir='ltr'>lupetius</span> <span class='ocrx_word' id='word_1_174' title='bbox 1218 1456 1322 1501; x_wconf 87' lang='lat' dir='ltr'>parte</span> <span class='ocrx_word' id='word_1_175' title='bbox 1357 1447 1479 1486; x_wconf 84' lang='lat' dir='ltr'>antica</span> <span class='ocrx_word' id='word_1_176' title='bbox 1503 1446 1818 1501; x_wconf 59' lang='lat' dir='ltr'>peo‹›ri⁵:apud</span> 
     </span>
     <span class='ocr_line' id='line_1_23' title="bbox 495 1509 1818 1564; baseline 0 -13"><span class='ocrx_word' id='word_1_177' title='bbox 495 1512 599 1560; x_wconf 82' lang='lat' dir='ltr'>alia,</span> <span class='ocrx_word' id='word_1_178' title='bbox 636 1511 714 1551; x_wconf 89' lang='lat' dir='ltr'>ima</span> <span class='ocrx_word' id='word_1_179' title='bbox 749 1511 963 1550; x_wconf 77' lang='lat' dir='ltr'>abdominis</span> <span class='ocrx_word' id='word_1_180' title='bbox 995 1521 1099 1564; x_wconf 86' lang='lat' dir='ltr'>parte</span> <span class='ocrx_word' id='word_1_181' title='bbox 1133 1514 1309 1564; x_wconf 69' lang='lat' dir='ltr'>x&#39;trinquc</span> <span class='ocrx_word' id='word_1_182' title='bbox 1361 1509 1530 1563; x_wconf 81' lang='lat' dir='ltr'>positae:</span> <span class='ocrx_word' id='word_1_183' title='bbox 1581 1511 1785 1551; x_wconf 58' lang='lat' dir='ltr'>vnivcrfim</span> <span class='ocrx_word' id='word_1_184' title='bbox 1808 1543 1818 1562; x_wconf 86' lang='lat'>,</span> 
     </span>
     <span class='ocr_line' id='line_1_24' title="bbox 493 1573 1818 1629; baseline -0.002 -13"><span class='ocrx_word' id='word_1_185' title='bbox 493 1575 661 1629; x_wconf 89' lang='lat' dir='ltr'>quodam</span> <span class='ocrx_word' id='word_1_186' title='bbox 695 1574 893 1614; x_wconf 84' lang='lat' dir='ltr'>interuallo</span> <span class='ocrx_word' id='word_1_187' title='bbox 926 1586 946 1614; x_wconf 84' lang='lat' dir='ltr'>a</span> <span class='ocrx_word' id='word_1_188' title='bbox 981 1575 1014 1614; x_wconf 82' lang='lat' dir='ltr'>le</span> <span class='ocrx_word' id='word_1_189' title='bbox 1047 1574 1211 1615; x_wconf 90' lang='lat' dir='ltr'>inuicem</span> <span class='ocrx_word' id='word_1_190' title='bbox 1247 1573 1444 1614; x_wconf 68' lang='lat' dir='ltr'>diliunetae</span> <span class='ocrx_word' id='word_1_191' title='bbox 1464 1607 1475 1626; x_wconf 89' lang='lat'>,</span> <span class='ocrx_word' id='word_1_192' title='bbox 1517 1586 1562 1614; x_wconf 87' lang='lat' dir='ltr'>ac</span> <span class='ocrx_word' id='word_1_193' title='bbox 1598 1573 1714 1628; x_wconf 85' lang='lat' dir='ltr'>figura</span> <span class='ocrx_word' id='word_1_194' title='bbox 1748 1575 1818 1614; x_wconf 89' lang='lat' dir='ltr'>ob-</span> 
     </span>
     <span class='ocr_line' id='line_1_25' title="bbox 494 1637 1817 1692; baseline -0.001 -13"><span class='ocrx_word' id='word_1_195' title='bbox 494 1639 612 1692; x_wconf 86' lang='lat' dir='ltr'>longo</span> <span class='ocrx_word' id='word_1_196' title='bbox 643 1638 799 1678; x_wconf 86' lang='lat' dir='ltr'>rotunda</span> <span class='ocrx_word' id='word_1_197' title='bbox 834 1637 1022 1692; x_wconf 83' lang='lat' dir='ltr'>praeditae</span> <span class='ocrx_word' id='word_1_198' title='bbox 1057 1638 1277 1691; x_wconf 71' lang='lat' dir='ltr'>spec‘tantur.</span> <span class='ocrx_word' id='word_1_199' title='bbox 1321 1637 1461 1679; x_wconf 86' lang='lat' dir='ltr'>Nullae</span> <span class='ocrx_word' id='word_1_200' title='bbox 1494 1638 1592 1691; x_wconf 87' lang='lat' dir='ltr'>apud</span> <span class='ocrx_word' id='word_1_201' title='bbox 1627 1639 1817 1678; x_wconf 83' lang='lat' dir='ltr'>erinaceos</span> 
     </span>
     <span class='ocr_line' id='line_1_26' title="bbox 491 1699 1819 1749; baseline -0.001 -6"><span class='ocrx_word' id='word_1_202' title='bbox 491 1716 512 1744; x_wconf 86' lang='lat' dir='ltr'>a</span> <span class='ocrx_word' id='word_1_203' title='bbox 546 1703 653 1743; x_wconf 88' lang='lat' dir='ltr'>nobis</span> <span class='ocrx_word' id='word_1_204' title='bbox 701 1699 832 1741; x_wconf 82' lang='lat' dir='ltr'>incilos</span> <span class='ocrx_word' id='word_1_205' title='bbox 881 1701 970 1741; x_wconf 86' lang='lat' dir='ltr'>tales</span> <span class='ocrx_word' id='word_1_206' title='bbox 1004 1701 1193 1749; x_wconf 67' lang='lat' dir='ltr'>distinctae</span> <span class='ocrx_word' id='word_1_207' title='bbox 1226 1702 1330 1742; x_wconf 74' lang='lat' dir='ltr'>ierics</span> <span class='ocrx_word' id='word_1_208' title='bbox 1363 1701 1615 1742; x_wconf 84' lang='lat' dir='ltr'>mamillarum</span> <span class='ocrx_word' id='word_1_209' title='bbox 1649 1714 1819 1742; x_wconf 85' lang='lat' dir='ltr'>occurre-</span> 
     </span>
     <span class='ocr_line' id='line_1_27' title="bbox 493 1764 1817 1819; baseline -0.001 -12"><span class='ocrx_word' id='word_1_210' title='bbox 493 1767 616 1817; x_wconf 83' lang='lat' dir='ltr'>bant,</span> <span class='ocrx_word' id='word_1_211' title='bbox 667 1765 750 1819; x_wconf 89' lang='lat' dir='ltr'>quin</span> <span class='ocrx_word' id='word_1_212' title='bbox 784 1765 898 1817; x_wconf 88' lang='lat' dir='ltr'>imo,</span> <span class='ocrx_word' id='word_1_213' title='bbox 931 1765 1027 1805; x_wconf 88' lang='lat' dir='ltr'>inter</span> <span class='ocrx_word' id='word_1_214' title='bbox 1073 1766 1218 1807; x_wconf 86' lang='lat' dir='ltr'>dexteri</span> <span class='ocrx_word' id='word_1_215' title='bbox 1252 1776 1289 1806; x_wconf 94' lang='lat' dir='ltr'>ct</span> <span class='ocrx_word' id='word_1_216' title='bbox 1323 1764 1450 1806; x_wconf 78' lang='lat' dir='ltr'>sinistri</span> <span class='ocrx_word' id='word_1_217' title='bbox 1499 1765 1622 1806; x_wconf 84' lang='lat' dir='ltr'>lateris</span> <span class='ocrx_word' id='word_1_218' title='bbox 1668 1766 1784 1807; x_wconf 71' lang='lat' dir='ltr'>vbera</span> <span class='ocrx_word' id='word_1_219' title='bbox 1805 1797 1817 1816; x_wconf 94' lang='lat'><strong>‚</strong></span> 
     </span>
     <span class='ocr_line' id='line_1_28' title="bbox 492 1828 1813 1885; baseline 0 -15"><span class='ocrx_word' id='word_1_220' title='bbox 492 1831 632 1870; x_wconf 88' lang='lat' dir='ltr'>nullum</span> <span class='ocrx_word' id='word_1_221' title='bbox 665 1829 917 1869; x_wconf 66' lang='lat' dir='ltr'>disiunctionis</span> <span class='ocrx_word' id='word_1_222' title='bbox 947 1829 1123 1872; x_wconf 87' lang='lat' dir='ltr'>indicium</span> <span class='ocrx_word' id='word_1_223' title='bbox 1145 1862 1158 1885; x_wconf 85' lang='lat'>,</span> <span class='ocrx_word' id='word_1_224' title='bbox 1192 1829 1319 1870; x_wconf 74' lang='lat' dir='ltr'>fiiltem</span> <span class='ocrx_word' id='word_1_225' title='bbox 1354 1828 1494 1870; x_wconf 80' lang='lat' dir='ltr'>vifibile</span> <span class='ocrx_word' id='word_1_226' title='bbox 1514 1862 1524 1881; x_wconf 92' lang='lat'>,</span> <span class='ocrx_word' id='word_1_227' title='bbox 1560 1841 1697 1870; x_wconf 82' lang='lat' dir='ltr'>verum</span> <span class='ocrx_word' id='word_1_228' title='bbox 1734 1839 1813 1870; x_wconf 86' lang='lat' dir='ltr'>tam</span> 
     </span>
     <span class='ocr_line' id='line_1_29' title="bbox 493 1892 1814 1947; baseline -0.001 -14"><span class='ocrx_word' id='word_1_229' title='bbox 493 1893 599 1934; x_wconf 85' lang='lat' dir='ltr'>iuxta</span> <span class='ocrx_word' id='word_1_230' title='bbox 631 1892 902 1944; x_wconf 84' lang='lat' dir='ltr'>longitudinem</span> <span class='ocrx_word' id='word_1_231' title='bbox 937 1905 1048 1946; x_wconf 88' lang='lat' dir='ltr'>quam</span> <span class='ocrx_word' id='word_1_232' title='bbox 1082 1894 1313 1935; x_wconf 85' lang='lat' dir='ltr'>latitudinem</span> <span class='ocrx_word' id='word_1_233' title='bbox 1345 1905 1440 1947; x_wconf 82' lang='lat' dir='ltr'>quae</span> <span class='ocrx_word' id='word_1_234' title='bbox 1474 1894 1569 1934; x_wconf 88' lang='lat' dir='ltr'>inter</span> <span class='ocrx_word' id='word_1_235' title='bbox 1588 1893 1752 1946; x_wconf 88' lang='lat' dir='ltr'>iugulum</span> <span class='ocrx_word' id='word_1_236' title='bbox 1773 1905 1814 1933; x_wconf 89' lang='lat' dir='ltr'>ac</span> 
     </span>
     <span class='ocr_line' id='line_1_30' title="bbox 494 1955 1815 2010; baseline 0 -14"><span class='ocrx_word' id='word_1_237' title='bbox 494 1957 616 1997; x_wconf 88' lang='lat' dir='ltr'>imum</span> <span class='ocrx_word' id='word_1_238' title='bbox 662 1955 875 1996; x_wconf 81' lang='lat' dir='ltr'>abdominis</span> <span class='ocrx_word' id='word_1_239' title='bbox 925 1957 1152 2009; x_wconf 83' lang='lat' dir='ltr'>intercedit,</span> <span class='ocrx_word' id='word_1_240' title='bbox 1204 1956 1298 1997; x_wconf 86' lang='lat' dir='ltr'>nihil</span> <span class='ocrx_word' id='word_1_241' title='bbox 1346 1956 1442 1998; x_wconf 89' lang='lat' dir='ltr'>aliud</span> <span class='ocrx_word' id='word_1_242' title='bbox 1491 1955 1696 2010; x_wconf 64' lang='lat' dir='ltr'>spectatum</span> <span class='ocrx_word' id='word_1_243' title='bbox 1731 1955 1815 2007; x_wconf 81' lang='lat' dir='ltr'>cst,</span> 
     </span>
    </p>
   </div>
   <div class='ocr_carea' id='block_1_3' title="bbox 493 2017 1814 2124">
    <p class='ocr_par' dir='ltr' id='par_1_3' title="bbox 493 2017 1814 2124">
     <span class='ocr_line' id='line_1_31' title="bbox 493 2017 1814 2074; baseline 0.001 -14"><span class='ocrx_word' id='word_1_244' title='bbox 493 2033 603 2074; x_wconf 84' lang='lat' dir='ltr'>quam</span> <span class='ocrx_word' id='word_1_245' title='bbox 639 2017 829 2060; x_wconf 73' lang='lat' dir='ltr'>sublhutia</span> <span class='ocrx_word' id='word_1_246' title='bbox 866 2019 1025 2061; x_wconf 77' lang='lat' dir='ltr'>vberum</span> <span class='ocrx_word' id='word_1_247' title='bbox 1061 2023 1236 2063; x_wconf 84' lang='lat' dir='ltr'>continua</span> <span class='ocrx_word' id='word_1_248' title='bbox 1271 2032 1312 2060; x_wconf 87' lang='lat' dir='ltr'>ac</span> <span class='ocrx_word' id='word_1_249' title='bbox 1343 2018 1524 2074; x_wconf 84' lang='lat' dir='ltr'>indiuisa,</span> <span class='ocrx_word' id='word_1_250' title='bbox 1560 2020 1606 2061; x_wconf 87' lang='lat' dir='ltr'>ad</span> <span class='ocrx_word' id='word_1_251' title='bbox 1640 2019 1740 2074; x_wconf 90' lang='lat' dir='ltr'>plani</span> <span class='ocrx_word' id='word_1_252' title='bbox 1775 2030 1814 2061; x_wconf 87' lang='lat' dir='ltr'>et</span> 
     </span>
     <span class='ocr_line' id='line_1_32' title="bbox 1700 2083 1810 2124; baseline 0.009 -1"><span class='ocrx_word' id='word_1_253' title='bbox 1700 2083 1810 2124; x_wconf 78' lang='lat' dir='ltr'>latio-</span> 
     </span>
    </p>
   </div>
  </div>
 </body>
</html>
