<?xml version="1.0" encoding="UTF-8"?>
<!DOCTYPE html PUBLIC "-//W3C//DTD XHTML 1.0 Transitional//EN"
    "http://www.w3.org/TR/xhtml1/DTD/xhtml1-transitional.dtd">
<html xmlns="http://www.w3.org/1999/xhtml" xml:lang="en" lang="en">
 <head>
  <title>
</title>
<meta http-equiv="Content-Type" content="text/html;charset=utf-8" />
  <meta name='ocr-system' content='tesseract 3.04.00' />
  <meta name='ocr-capabilities' content='ocr_page ocr_carea ocr_par ocr_line ocrx_word'/>
</head>
<body>
  <div class='ocr_page' id='page_1' title='image "./commentariiacade14impe/commentariiacade14impe_0337.png"; bbox 0 0 2020 2668; ppageno 0'>
   <div class='ocr_carea' id='block_1_1' title="bbox 279 79 1507 139">
    <p class='ocr_par' dir='ltr' id='par_1_1' title="bbox 279 79 1507 139">
     <span class='ocr_line' id='line_1_1' title="bbox 279 79 1507 139; baseline 0.002 -13"><span class='ocrx_word' id='word_1_1' title='bbox 279 81 405 128; x_wconf 74' lang='lat' dir='ltr'><strong><em>:DVO</em></strong></span> <span class='ocrx_word' id='word_1_2' title='bbox 439 79 609 128; x_wconf 72' lang='lat' dir='ltr'><em>NVMI</em></span> <span class='ocrx_word' id='word_1_3' title='bbox 655 79 998 127; x_wconf 77' lang='lat' dir='ltr'>GELENSrVM</span> <span class='ocrx_word' id='word_1_4' title='bbox 1031 80 1388 129; x_wconf 73' lang='lat' dir='ltr'><em>ILLVSTRATI.</em></span> <span class='ocrx_word' id='word_1_5' title='bbox 1418 97 1507 139; x_wconf 76' lang='lat'>32⁷9</span> 
     </span>
    </p>
   </div>
   <div class='ocr_carea' id='block_1_2' title="bbox 191 196 1509 2065">
    <p class='ocr_par' dir='ltr' id='par_1_2' title="bbox 210 196 1509 627">
     <span class='ocr_line' id='line_1_2' title="bbox 210 196 1508 253; baseline 0.001 -16"><span class='ocrx_word' id='word_1_6' title='bbox 210 197 275 238; x_wconf 65' lang='lat' dir='ltr'>‘hic</span> <span class='ocrx_word' id='word_1_7' title='bbox 308 196 568 251; x_wconf 83' lang='lat' dir='ltr'>grammaticus</span> <span class='ocrx_word' id='word_1_8' title='bbox 598 196 811 249; x_wconf 83' lang='lat' dir='ltr'>improbare</span> <span class='ocrx_word' id='word_1_9' title='bbox 842 196 1013 236; x_wconf 75' lang='lat' dir='ltr'>videtur:</span> <span class='ocrx_word' id='word_1_10' title='bbox 1047 197 1193 253; x_wconf 82' lang='lat' dir='ltr'>pridem</span> <span class='ocrx_word' id='word_1_11' title='bbox 1230 197 1376 239; x_wconf 69' lang='lat' dir='ltr'>adducti</span> <span class='ocrx_word' id='word_1_12' title='bbox 1402 199 1508 250; x_wconf 74' lang='lat' dir='ltr'>sunt,</span> 
     </span>
     <span class='ocr_line' id='line_1_3' title="bbox 215 258 1507 312; baseline 0.001 -12"><span class='ocrx_word' id='word_1_13' title='bbox 215 271 257 300; x_wconf 64' lang='lat' dir='ltr'>vt</span> <span class='ocrx_word' id='word_1_14' title='bbox 290 260 501 312; x_wconf 85' lang='lat' dir='ltr'>transposita</span> <span class='ocrx_word' id='word_1_15' title='bbox 532 260 649 299; x_wconf 72' lang='lat' dir='ltr'>vs1·b:¹.</span> <span class='ocrx_word' id='word_1_16' title='bbox 678 258 908 311; x_wconf 83' lang='lat' dir='ltr'><strong>agnoscerent</strong></span> <span class='ocrx_word' id='word_1_17' title='bbox 927 290 937 309; x_wconf 89' lang='lat'>,</span> <span class='ocrx_word' id='word_1_18' title='bbox 970 259 1174 312; x_wconf 86' lang='lat' dir='ltr'>eademque</span> <span class='ocrx_word' id='word_1_19' title='bbox 1206 260 1252 300; x_wconf 81' lang='lat' dir='ltr'>sic</span> <span class='ocrx_word' id='word_1_20' title='bbox 1283 262 1507 301; x_wconf 80' lang='lat' dir='ltr'>ordinanda:</span> 
     </span>
     <span class='ocr_line' id='line_1_4' title="bbox 218 318 1509 372; baseline 0.002 -10"><span class='ocrx_word' id='word_1_21' title='bbox 218 319 263 362; x_wconf 72' lang='grc' dir='ltr'>τὲ</span> <span class='ocrx_word' id='word_1_22' title='bbox 301 319 439 364; x_wconf 68' lang='grc' dir='ltr'><em>ἑθνικὸν</em></span> <span class='ocrx_word' id='word_1_23' title='bbox 479 321 665 372; x_wconf 73' lang='grc' dir='ltr'>Γελῶος,</span> <span class='ocrx_word' id='word_1_24' title='bbox 705 318 745 360; x_wconf 79' lang='grc' dir='ltr'>ἔυ</span> <span class='ocrx_word' id='word_1_25' title='bbox 779 319 947 368; x_wconf 54' lang='lat' dir='ltr'>reading.</span> <span class='ocrx_word' id='word_1_26' title='bbox 1014 321 1070 362; x_wconf 83' lang='lat' dir='ltr'>Ita</span> <span class='ocrx_word' id='word_1_27' title='bbox 1107 322 1341 363; x_wconf 79' lang='lat' dir='ltr'>statuentibus</span> <span class='ocrx_word' id='word_1_28' title='bbox 1388 322 1509 364; x_wconf 71' lang='lat' dir='ltr'>ch,</span> 
     </span>
     <span class='ocr_line' id='line_1_5' title="bbox 213 383 1507 436; baseline 0.002 -12"><span class='ocrx_word' id='word_1_29' title='bbox 213 383 559 425; x_wconf 81' lang='lat' dir='ltr'>HOLSTENIVS</span> <span class='ocrx_word' id='word_1_30' title='bbox 592 395 668 424; x_wconf 91' lang='lat' dir='ltr'>non</span> <span class='ocrx_word' id='word_1_31' title='bbox 701 384 852 436; x_wconf 90' lang='lat' dir='ltr'>quidem</span> <span class='ocrx_word' id='word_1_32' title='bbox 883 395 1090 436; x_wconf 83' lang='lat' dir='ltr'>repugnat:</span> <span class='ocrx_word' id='word_1_33' title='bbox 1128 384 1186 424; x_wconf 90' lang='lat' dir='ltr'>sed</span> <span class='ocrx_word' id='word_1_34' title='bbox 1220 385 1332 426; x_wconf 84' lang='lat' dir='ltr'>aliam</span> <span class='ocrx_word' id='word_1_35' title='bbox 1383 383 1507 427; x_wconf 75' lang='lat' dir='ltr'>tamen</span> 
     </span>
     <span class='ocr_line' id='line_1_6' title="bbox 212 446 1509 499; baseline 0.002 -13"><span class='ocrx_word' id='word_1_36' title='bbox 212 458 252 487; x_wconf 89' lang='lat' dir='ltr'>et</span> <span class='ocrx_word' id='word_1_37' title='bbox 283 449 469 488; x_wconf 86' lang='lat' dir='ltr'>mitiorem</span> <span class='ocrx_word' id='word_1_38' title='bbox 503 447 731 486; x_wconf 84' lang='lat' dir='ltr'>medicinam</span> <span class='ocrx_word' id='word_1_39' title='bbox 764 446 909 485; x_wconf 80' lang='lat' dir='ltr'>videtur</span> <span class='ocrx_word' id='word_1_40' title='bbox 937 446 1078 486; x_wconf 78' lang='lat' dir='ltr'>filadere</span> <span class='ocrx_word' id='word_1_41' title='bbox 1098 479 1108 498; x_wconf 89' lang='lat'>,</span> <span class='ocrx_word' id='word_1_42' title='bbox 1141 448 1289 499; x_wconf 87' lang='lat' dir='ltr'>quando</span> <span class='ocrx_word' id='word_1_43' title='bbox 1308 449 1411 488; x_wconf 66' lang='lat' dir='ltr'>x‘nica</span> <span class='ocrx_word' id='word_1_44' title='bbox 1440 449 1509 499; x_wconf 68' lang='lat' dir='ltr'>svl-</span> 
     </span>
     <span class='ocr_line' id='line_1_7' title="bbox 210 505 1507 564; baseline 0.001 -15"><span class='ocrx_word' id='word_1_45' title='bbox 210 510 291 549; x_wconf 83' lang='lat' dir='ltr'>laba</span> <span class='ocrx_word' id='word_1_46' title='bbox 322 519 464 550; x_wconf 88' lang='lat' dir='ltr'>mutata</span> <span class='ocrx_word' id='word_1_47' title='bbox 495 509 541 549; x_wconf 86' lang='lat' dir='ltr'>fic</span> <span class='ocrx_word' id='word_1_48' title='bbox 574 509 770 561; x_wconf 88' lang='lat' dir='ltr'>legendum</span> <span class='ocrx_word' id='word_1_49' title='bbox 803 508 1020 549; x_wconf 70' lang='lat' dir='ltr'>existimat:</span> <span class='ocrx_word' id='word_1_50' title='bbox 1057 505 1102 549; x_wconf 81' lang='grc' dir='ltr'>τὸ</span> <span class='ocrx_word' id='word_1_51' title='bbox 1137 506 1283 552; x_wconf 73' lang='grc' dir='ltr'>ἐθνικόν</span> <span class='ocrx_word' id='word_1_52' title='bbox 1316 510 1507 564; x_wconf 63' lang='grc' dir='ltr'>Γελῶος,</span> 
     </span>
     <span class='ocr_line' id='line_1_8' title="bbox 210 564 651 627; baseline -0.007 -15"><span class='ocrx_word' id='word_1_53' title='bbox 210 574 240 627; x_wconf 55' lang='lat'>{9</span> <span class='ocrx_word' id='word_1_54' title='bbox 271 573 362 623; x_wconf 77' lang='lat' dir='ltr'>[vei</span> <span class='ocrx_word' id='word_1_55' title='bbox 392 564 455 623; x_wconf 60' lang='grc' dir='ltr'>ἦ]</span> <span class='ocrx_word' id='word_1_56' title='bbox 483 569 651 619; x_wconf 56' lang='lat' dir='ltr'>remos.</span> 
     </span>
    </p>

    <p class='ocr_par' dir='ltr' id='par_1_3' title="bbox 191 633 1509 1732">
     <span class='ocr_line' id='line_1_9' title="bbox 327 633 1508 677; baseline 0.003 -3"><span class='ocrx_word' id='word_1_57' title='bbox 327 636 459 675; x_wconf 79' lang='lat' dir='ltr'>Fateor</span> <span class='ocrx_word' id='word_1_58' title='bbox 491 634 588 674; x_wconf 83' lang='lat' dir='ltr'>mihi</span> <span class='ocrx_word' id='word_1_59' title='bbox 621 633 728 673; x_wconf 67' lang='lat' dir='ltr'>valde</span> <span class='ocrx_word' id='word_1_60' title='bbox 760 633 915 674; x_wconf 81' lang='lat' dir='ltr'>arridere</span> <span class='ocrx_word' id='word_1_61' title='bbox 947 634 1041 674; x_wconf 81' lang='lat' dir='ltr'>hanc</span> <span class='ocrx_word' id='word_1_62' title='bbox 1069 634 1286 675; x_wconf 87' lang='lat' dir='ltr'>sententiam</span> <span class='ocrx_word' id='word_1_63' title='bbox 1308 637 1508 677; x_wconf 66' lang='lat' dir='ltr'>doctissimi</span> 
     </span>
     <span class='ocr_line' id='line_1_10' title="bbox 211 695 1509 750; baseline 0.002 -14"><span class='ocrx_word' id='word_1_64' title='bbox 211 697 312 736; x_wconf 80' lang='lat' dir='ltr'>viri:</span> <span class='ocrx_word' id='word_1_65' title='bbox 346 698 483 750; x_wconf 85' lang='lat' dir='ltr'>quippe</span> <span class='ocrx_word' id='word_1_66' title='bbox 515 698 573 737; x_wconf 92' lang='lat' dir='ltr'>cui</span> <span class='ocrx_word' id='word_1_67' title='bbox 607 695 787 748; x_wconf 78' lang='lat' dir='ltr'>sequentia</span> <span class='ocrx_word' id='word_1_68' title='bbox 806 699 956 748; x_wconf 87' lang='lat' dir='ltr'>optime</span> <span class='ocrx_word' id='word_1_69' title='bbox 975 698 1158 750; x_wconf 78' lang='lat' dir='ltr'>quadrant.</span> <span class='ocrx_word' id='word_1_70' title='bbox 1197 697 1355 739; x_wconf 91' lang='lat' dir='ltr'>Subiicit</span> <span class='ocrx_word' id='word_1_71' title='bbox 1379 702 1509 740; x_wconf 89' lang='lat' dir='ltr'>enim:</span> 
     </span>
     <span class='ocr_line' id='line_1_11' title="bbox 209 752 1506 816; baseline 0.002 -16"><span class='ocrx_word' id='word_1_72' title='bbox 209 757 258 808; x_wconf 81' lang='grc' dir='ltr'>ὡς</span> <span class='ocrx_word' id='word_1_73' title='bbox 283 752 444 815; x_wconf 70' lang='grc' dir='ltr'>’Άβξων</span> <span class='ocrx_word' id='word_1_74' title='bbox 477 760 505 814; x_wconf 59' lang='lat'>3}</span> <span class='ocrx_word' id='word_1_75' title='bbox 538 757 564 808; x_wconf 77' lang='grc' dir='ltr'>ἡ</span> <span class='ocrx_word' id='word_1_76' title='bbox 594 755 790 807; x_wconf 68' lang='grc' dir='ltr'>συνήθεια.</span> <span class='ocrx_word' id='word_1_77' title='bbox 827 759 970 814; x_wconf 83' lang='lat' dir='ltr'>Qubus</span> <span class='ocrx_word' id='word_1_78' title='bbox 986 760 1104 800; x_wconf 88' lang='lat' dir='ltr'>innuit</span> <span class='ocrx_word' id='word_1_79' title='bbox 1122 760 1184 800; x_wconf 86' lang='lat' dir='ltr'>fibi</span> <span class='ocrx_word' id='word_1_80' title='bbox 1209 773 1286 800; x_wconf 89' lang='lat' dir='ltr'>non</span> <span class='ocrx_word' id='word_1_81' title='bbox 1305 762 1373 802; x_wconf 79' lang='lat' dir='ltr'>esse</span> <span class='ocrx_word' id='word_1_82' title='bbox 1401 765 1506 816; x_wconf 88' lang='lat' dir='ltr'>igno-</span> 
     </span>
     <span class='ocr_line' id='line_1_12' title="bbox 209 821 1509 876; baseline 0.002 -14"><span class='ocrx_word' id='word_1_83' title='bbox 209 832 291 862; x_wconf 90' lang='lat' dir='ltr'>tum</span> <span class='ocrx_word' id='word_1_84' title='bbox 313 854 324 872; x_wconf 86' lang='lat'>,</span> <span class='ocrx_word' id='word_1_85' title='bbox 358 823 456 875; x_wconf 90' lang='lat' dir='ltr'>quod</span> <span class='ocrx_word' id='word_1_86' title='bbox 490 822 653 861; x_wconf 88' lang='lat' dir='ltr'>Abronis</span> <span class='ocrx_word' id='word_1_87' title='bbox 684 821 903 861; x_wconf 62' lang='lat' dir='ltr'>auctoritate</span> <span class='ocrx_word' id='word_1_88' title='bbox 921 854 934 874; x_wconf 53' lang='lat'>,‚</span> <span class='ocrx_word' id='word_1_89' title='bbox 963 833 1073 875; x_wconf 83' lang='lat' dir='ltr'>atque</span> <span class='ocrx_word' id='word_1_90' title='bbox 1120 822 1183 862; x_wconf 91' lang='lat' dir='ltr'>vsu</span> <span class='ocrx_word' id='word_1_91' title='bbox 1215 833 1374 874; x_wconf 79' lang='lat' dir='ltr'>tyranno</span> <span class='ocrx_word' id='word_1_92' title='bbox 1393 858 1402 876; x_wconf 91' lang='lat'>,</span> <span class='ocrx_word' id='word_1_93' title='bbox 1451 827 1509 866; x_wconf 90' lang='lat' dir='ltr'>ni-</span> 
     </span>
     <span class='ocr_line' id='line_1_13' title="bbox 207 883 1506 936; baseline 0.003 -14"><span class='ocrx_word' id='word_1_94' title='bbox 207 893 300 923; x_wconf 87' lang='lat' dir='ltr'>tatur</span> <span class='ocrx_word' id='word_1_95' title='bbox 331 884 389 923; x_wconf 89' lang='lat' dir='ltr'>illa</span> <span class='ocrx_word' id='word_1_96' title='bbox 420 885 678 924; x_wconf 87' lang='lat' dir='ltr'>denominatio</span> <span class='ocrx_word' id='word_1_97' title='bbox 697 915 707 934; x_wconf 86' lang='lat'>,</span> <span class='ocrx_word' id='word_1_98' title='bbox 738 897 807 936; x_wconf 88' lang='lat' dir='ltr'>qua</span> <span class='ocrx_word' id='word_1_99' title='bbox 837 886 932 923; x_wconf 87' lang='lat' dir='ltr'>ciues</span> <span class='ocrx_word' id='word_1_100' title='bbox 965 884 1071 924; x_wconf 86' lang='lat' dir='ltr'>huius</span> <span class='ocrx_word' id='word_1_101' title='bbox 1107 885 1208 924; x_wconf 86' lang='lat' dir='ltr'>vrbis</span> <span class='ocrx_word' id='word_1_102' title='bbox 1241 883 1355 926; x_wconf 81' lang='lat' dir='ltr'>Geloi</span> <span class='ocrx_word' id='word_1_103' title='bbox 1392 887 1506 927; x_wconf 83' lang='lat' dir='ltr'>solent</span> 
     </span>
     <span class='ocr_line' id='line_1_14' title="bbox 205 945 1503 998; baseline 0.002 -13"><span class='ocrx_word' id='word_1_104' title='bbox 205 945 400 998; x_wconf 80' lang='lat' dir='ltr'>appellari.</span> <span class='ocrx_word' id='word_1_105' title='bbox 466 946 614 986; x_wconf 88' lang='lat' dir='ltr'>Mirum</span> <span class='ocrx_word' id='word_1_106' title='bbox 648 955 773 984; x_wconf 83' lang='lat' dir='ltr'>autem</span> <span class='ocrx_word' id='word_1_107' title='bbox 808 946 926 984; x_wconf 83' lang='lat' dir='ltr'>videri</span> <span class='ocrx_word' id='word_1_108' title='bbox 958 945 1099 998; x_wconf 71' lang='lat' dir='ltr'>possit,</span> <span class='ocrx_word' id='word_1_109' title='bbox 1140 947 1226 998; x_wconf 91' lang='lat' dir='ltr'>quid</span> <span class='ocrx_word' id='word_1_110' title='bbox 1258 948 1296 985; x_wconf 91' lang='lat' dir='ltr'>in</span> <span class='ocrx_word' id='word_1_111' title='bbox 1329 957 1503 989; x_wconf 90' lang='lat' dir='ltr'>mentem</span> 
     </span>
     <span class='ocr_line' id='line_1_15' title="bbox 204 1005 1504 1061; baseline 0.003 -14"><span class='ocrx_word' id='word_1_112' title='bbox 204 1008 348 1047; x_wconf 89' lang='lat' dir='ltr'>venerit</span> <span class='ocrx_word' id='word_1_113' title='bbox 388 1005 612 1060; x_wconf 83' lang='lat' dir='ltr'>Stephano,</span> <span class='ocrx_word' id='word_1_114' title='bbox 655 1018 719 1046; x_wconf 90' lang='lat' dir='ltr'>cur</span> <span class='ocrx_word' id='word_1_115' title='bbox 750 1005 913 1056; x_wconf 71' lang='grc' dir='ltr'>Γελαῖος</span> <span class='ocrx_word' id='word_1_116' title='bbox 931 1040 942 1059; x_wconf 87' lang='lat'>‚</span> <span class='ocrx_word' id='word_1_117' title='bbox 993 1008 1094 1061; x_wconf 92' lang='lat' dir='ltr'>quod</span> <span class='ocrx_word' id='word_1_118' title='bbox 1124 1007 1216 1048; x_wconf 91' lang='lat' dir='ltr'>forte</span> <span class='ocrx_word' id='word_1_119' title='bbox 1246 1010 1282 1048; x_wconf 89' lang='lat' dir='ltr'>in</span> <span class='ocrx_word' id='word_1_120' title='bbox 1316 1010 1416 1051; x_wconf 88' lang='lat' dir='ltr'>nullo</span> <span class='ocrx_word' id='word_1_121' title='bbox 1449 1011 1504 1051; x_wconf 91' lang='lat' dir='ltr'>su-</span> 
     </span>
     <span class='ocr_line' id='line_1_16' title="bbox 207 1068 1505 1123; baseline 0.003 -14"><span class='ocrx_word' id='word_1_122' title='bbox 207 1069 357 1123; x_wconf 88' lang='lat' dir='ltr'>perstite</span> <span class='ocrx_word' id='word_1_123' title='bbox 387 1078 637 1110; x_wconf 88' lang='lat' dir='ltr'>monumento</span> <span class='ocrx_word' id='word_1_124' title='bbox 666 1069 830 1122; x_wconf 75' lang='lat' dir='ltr'>legitur,</span> <span class='ocrx_word' id='word_1_125' title='bbox 861 1082 974 1122; x_wconf 87' lang='lat' dir='ltr'>quam</span> <span class='ocrx_word' id='word_1_126' title='bbox 1005 1068 1159 1119; x_wconf 77' lang='grc' dir='ltr'>Γελῶος</span> <span class='ocrx_word' id='word_1_127' title='bbox 1178 1103 1188 1121; x_wconf 85' lang='grc'>,</span> <span class='ocrx_word' id='word_1_128' title='bbox 1222 1071 1394 1112; x_wconf 88' lang='lat' dir='ltr'>maluerit</span> <span class='ocrx_word' id='word_1_129' title='bbox 1429 1075 1505 1113; x_wconf 85' lang='lat' dir='ltr'>for-</span> 
     </span>
     <span class='ocr_line' id='line_1_17' title="bbox 200 1131 1505 1187; baseline 0.002 -15"><span class='ocrx_word' id='word_1_130' title='bbox 200 1145 307 1172; x_wconf 89' lang='lat' dir='ltr'>mare</span> <span class='ocrx_word' id='word_1_131' title='bbox 339 1133 474 1184; x_wconf 85' lang='lat' dir='ltr'>gentile</span> <span class='ocrx_word' id='word_1_132' title='bbox 506 1143 662 1171; x_wconf 86' lang='lat' dir='ltr'>nomen.</span> <span class='ocrx_word' id='word_1_133' title='bbox 727 1132 840 1172; x_wconf 84' lang='lat' dir='ltr'>Forte</span> <span class='ocrx_word' id='word_1_134' title='bbox 873 1133 1016 1172; x_wconf 84' lang='lat' dir='ltr'>incolae</span> <span class='ocrx_word' id='word_1_135' title='bbox 1050 1134 1147 1172; x_wconf 86' lang='lat' dir='ltr'>vrbis</span> <span class='ocrx_word' id='word_1_136' title='bbox 1177 1131 1294 1173; x_wconf 87' lang='lat' dir='ltr'>Gelae</span> <span class='ocrx_word' id='word_1_137' title='bbox 1321 1134 1505 1187; x_wconf 86' lang='lat' dir='ltr'>posterio-</span> 
     </span>
     <span class='ocr_line' id='line_1_18' title="bbox 202 1190 1507 1252; baseline 0.004 -19"><span class='ocrx_word' id='word_1_138' title='bbox 202 1195 299 1234; x_wconf 86' lang='lat' dir='ltr'>ribus</span> <span class='ocrx_word' id='word_1_139' title='bbox 332 1194 565 1246; x_wconf 86' lang='lat' dir='ltr'>temporibus</span> <span class='ocrx_word' id='word_1_140' title='bbox 614 1192 764 1233; x_wconf 82' lang='lat' dir='ltr'>auersari</span> <span class='ocrx_word' id='word_1_141' title='bbox 814 1205 1016 1247; x_wconf 85' lang='lat' dir='ltr'>coeperunt</span> <span class='ocrx_word' id='word_1_142' title='bbox 1066 1190 1116 1235; x_wconf 71' lang='grc' dir='ltr'>τὸ</span> <span class='ocrx_word' id='word_1_143' title='bbox 1154 1194 1305 1252; x_wconf 66' lang='grc' dir='ltr'>Γελῶος</span> <span class='ocrx_word' id='word_1_144' title='bbox 1340 1207 1401 1237; x_wconf 88' lang='lat' dir='ltr'>aut</span> <span class='ocrx_word' id='word_1_145' title='bbox 1432 1202 1507 1240; x_wconf 88' lang='grc' dir='ltr'>Γε-</span> 
     </span>
     <span class='ocr_line' id='line_1_19' title="bbox 206 1253 1503 1312; baseline 0.003 -15"><span class='ocrx_word' id='word_1_146' title='bbox 206 1253 324 1304; x_wconf 78' lang='grc' dir='ltr'>λώιός</span> <span class='ocrx_word' id='word_1_147' title='bbox 341 1288 351 1307; x_wconf 83' lang='grc'>,</span> <span class='ocrx_word' id='word_1_148' title='bbox 383 1257 482 1309; x_wconf 91' lang='lat' dir='ltr'>quod</span> <span class='ocrx_word' id='word_1_149' title='bbox 513 1255 702 1296; x_wconf 80' lang='lat' dir='ltr'>ridiculum</span> <span class='ocrx_word' id='word_1_150' title='bbox 731 1257 912 1297; x_wconf 84' lang='lat' dir='ltr'>denotat:</span> <span class='ocrx_word' id='word_1_151' title='bbox 946 1257 1078 1310; x_wconf 86' lang='lat' dir='ltr'>sibique</span> <span class='ocrx_word' id='word_1_152' title='bbox 1112 1259 1234 1310; x_wconf 85' lang='lat' dir='ltr'>potius</span> <span class='ocrx_word' id='word_1_153' title='bbox 1285 1269 1503 1312; x_wconf 82' lang='lat' dir='ltr'>aptauerunt</span> 
     </span>
     <span class='ocr_line' id='line_1_20' title="bbox 203 1315 1502 1372; baseline 0.003 -13"><span class='ocrx_word' id='word_1_154' title='bbox 203 1331 347 1359; x_wconf 85' lang='lat' dir='ltr'>nomen</span> <span class='ocrx_word' id='word_1_155' title='bbox 379 1318 512 1371; x_wconf 88' lang='lat' dir='ltr'>gentile</span> <span class='ocrx_word' id='word_1_156' title='bbox 544 1321 577 1358; x_wconf 91' lang='grc' dir='ltr'><strong>Γ</strong></span> <span class='ocrx_word' id='word_1_157' title='bbox 583 1315 709 1365; x_wconf 79' lang='grc' dir='ltr'>ελοὶῗος</span> <span class='ocrx_word' id='word_1_158' title='bbox 729 1350 739 1368; x_wconf 85' lang='lat'>,</span> <span class='ocrx_word' id='word_1_159' title='bbox 771 1318 829 1357; x_wconf 92' lang='lat' dir='ltr'>cui</span> <span class='ocrx_word' id='word_1_160' title='bbox 862 1318 954 1358; x_wconf 87' lang='lat' dir='ltr'>nihil</span> <span class='ocrx_word' id='word_1_161' title='bbox 1002 1320 1167 1372; x_wconf 84' lang='lat' dir='ltr'>ambigui</span> <span class='ocrx_word' id='word_1_162' title='bbox 1217 1321 1327 1361; x_wconf 84' lang='lat' dir='ltr'>sensus</span> <span class='ocrx_word' id='word_1_163' title='bbox 1374 1322 1502 1363; x_wconf 79' lang='lat' dir='ltr'>stibest.</span> 
     </span>
     <span class='ocr_line' id='line_1_21' title="bbox 199 1380 1501 1437; baseline 0.002 -14"><span class='ocrx_word' id='word_1_164' title='bbox 199 1381 260 1423; x_wconf 93' lang='lat' dir='ltr'>Sic</span> <span class='ocrx_word' id='word_1_165' title='bbox 292 1380 478 1421; x_wconf 86' lang='lat' dir='ltr'>Hallenses</span> <span class='ocrx_word' id='word_1_166' title='bbox 506 1380 650 1431; x_wconf 79' lang='lat' dir='ltr'>nostri,</span> <span class='ocrx_word' id='word_1_167' title='bbox 682 1382 830 1432; x_wconf 87' lang='lat' dir='ltr'>quando</span> <span class='ocrx_word' id='word_1_168' title='bbox 862 1383 1059 1421; x_wconf 88' lang='lat' dir='ltr'>vernaculo</span> <span class='ocrx_word' id='word_1_169' title='bbox 1092 1384 1263 1422; x_wconf 77' lang='lat' dir='ltr'>sermone</span> <span class='ocrx_word' id='word_1_170' title='bbox 1311 1384 1468 1425; x_wconf 90' lang='lat' dir='ltr'>scribunt</span> <span class='ocrx_word' id='word_1_171' title='bbox 1488 1416 1501 1437; x_wconf 88' lang='lat'>‚</span> 
     </span>
     <span class='ocr_line' id='line_1_22' title="bbox 200 1433 1503 1502; baseline 0.003 -18"><span class='ocrx_word' id='word_1_172' title='bbox 200 1457 278 1484; x_wconf 90' lang='lat' dir='ltr'>non</span> <span class='ocrx_word' id='word_1_173' title='bbox 310 1442 414 1483; x_wconf 73' lang='lat' dir='ltr'>flacile</span> <span class='ocrx_word' id='word_1_174' title='bbox 446 1442 618 1484; x_wconf 86' lang='lat' dir='ltr'>adhibent</span> <span class='ocrx_word' id='word_1_175' title='bbox 649 1442 873 1483; x_wconf 69' lang='lat' dir='ltr'>adiestiuum</span> <span class='ocrx_word' id='word_1_176' title='bbox 907 1433 1070 1502; x_wconf 59' lang='lat' dir='ltr'>bdsst&#39;fcb</span> <span class='ocrx_word' id='word_1_177' title='bbox 1090 1476 1106 1500; x_wconf 56' lang='grc' dir='ltr'><em>Ι</em></span> <span class='ocrx_word' id='word_1_178' title='bbox 1137 1444 1197 1484; x_wconf 89' lang='lat' dir='ltr'>sed</span> <span class='ocrx_word' id='word_1_179' title='bbox 1231 1444 1310 1485; x_wconf 69' lang='lat' dir='ltr'>fitis</span> <span class='ocrx_word' id='word_1_180' title='bbox 1334 1447 1503 1488; x_wconf 87' lang='lat' dir='ltr'>constan-</span> 
     </span>
     <span class='ocr_line' id='line_1_23' title="bbox 191 1498 1502 1564; baseline 0.003 -18"><span class='ocrx_word' id='word_1_181' title='bbox 191 1516 261 1546; x_wconf 84' lang='lat' dir='ltr'>-ter</span> <span class='ocrx_word' id='word_1_182' title='bbox 292 1515 435 1559; x_wconf 90' lang='lat' dir='ltr'>ponunt</span> <span class='ocrx_word' id='word_1_183' title='bbox 465 1498 653 1564; x_wconf 49' lang='lat' dir='ltr'>basstsdy</span> <span class='ocrx_word' id='word_1_184' title='bbox 687 1518 908 1559; x_wconf 82' lang='lat' dir='ltr'>quamquam</span> <span class='ocrx_word' id='word_1_185' title='bbox 946 1507 1030 1547; x_wconf 84' lang='lat' dir='ltr'>illud</span> <span class='ocrx_word' id='word_1_186' title='bbox 1063 1508 1161 1560; x_wconf 86' lang='lat' dir='ltr'>prius</span> <span class='ocrx_word' id='word_1_187' title='bbox 1191 1508 1398 1549; x_wconf 85' lang='lat' dir='ltr'>vicinorum</span> <span class='ocrx_word' id='word_1_188' title='bbox 1419 1510 1502 1562; x_wconf 92' lang='lat' dir='ltr'>plu-</span> 
     </span>
     <span class='ocr_line' id='line_1_24' title="bbox 201 1567 1501 1624; baseline 0.002 -16"><span class='ocrx_word' id='word_1_189' title='bbox 201 1570 304 1608; x_wconf 64' lang='lat' dir='ltr'>rimis</span> <span class='ocrx_word' id='word_1_190' title='bbox 339 1568 585 1620; x_wconf 71' lang='lat' dir='ltr'>vulgatissimo</span> <span class='ocrx_word' id='word_1_191' title='bbox 618 1567 683 1607; x_wconf 87' lang='lat' dir='ltr'>vsu</span> <span class='ocrx_word' id='word_1_192' title='bbox 715 1569 843 1608; x_wconf 90' lang='lat' dir='ltr'>tritum</span> <span class='ocrx_word' id='word_1_193' title='bbox 879 1568 962 1621; x_wconf 77' lang='lat' dir='ltr'>est3</span> <span class='ocrx_word' id='word_1_194' title='bbox 998 1571 1057 1610; x_wconf 91' lang='lat' dir='ltr'>cui</span> <span class='ocrx_word' id='word_1_195' title='bbox 1093 1570 1266 1610; x_wconf 88' lang='lat' dir='ltr'>maleuoli</span> <span class='ocrx_word' id='word_1_196' title='bbox 1315 1573 1464 1623; x_wconf 85' lang='lat' dir='ltr'>quidam</span> <span class='ocrx_word' id='word_1_197' title='bbox 1489 1602 1501 1624; x_wconf 88' lang='lat'><strong>‚</strong></span> 
     </span>
     <span class='ocr_line' id='line_1_25' title="bbox 201 1630 1499 1686; baseline 0.003 -16"><span class='ocrx_word' id='word_1_198' title='bbox 201 1630 437 1683; x_wconf 87' lang='lat' dir='ltr'>diphthongo</span> <span class='ocrx_word' id='word_1_199' title='bbox 467 1631 597 1670; x_wconf 90' lang='lat' dir='ltr'>leuiter</span> <span class='ocrx_word' id='word_1_200' title='bbox 628 1639 768 1671; x_wconf 84' lang='lat' dir='ltr'>mutata</span> <span class='ocrx_word' id='word_1_201' title='bbox 786 1662 797 1682; x_wconf 86' lang='lat'>,</span> <span class='ocrx_word' id='word_1_202' title='bbox 830 1631 999 1671; x_wconf 87' lang='lat' dir='ltr'>odiosam</span> <span class='ocrx_word' id='word_1_203' title='bbox 1040 1631 1347 1686; x_wconf 71' lang='lat' dir='ltr'>significationem</span> <span class='ocrx_word' id='word_1_204' title='bbox 1397 1635 1499 1674; x_wconf 84' lang='lat' dir='ltr'>subii-</span> 
     </span>
     <span class='ocr_line' id='line_1_26' title="bbox 200 1694 313 1732; baseline 0 0"><span class='ocrx_word' id='word_1_205' title='bbox 200 1694 313 1732; x_wconf 89' lang='lat' dir='ltr'>ciunt.</span> 
     </span>
    </p>

    <p class='ocr_par' dir='ltr' id='par_1_4' title="bbox 201 1754 1498 2065">
     <span class='ocr_line' id='line_1_27' title="bbox 314 1754 1498 1814; baseline 0.006 -19"><span class='ocrx_word' id='word_1_206' title='bbox 314 1754 360 1795; x_wconf 90' lang='lat' dir='ltr'>Id</span> <span class='ocrx_word' id='word_1_207' title='bbox 392 1754 749 1807; x_wconf 67' lang='lat' dir='ltr'>inspicantibusnon</span> <span class='ocrx_word' id='word_1_208' title='bbox 792 1757 859 1797; x_wconf 91' lang='lat' dir='ltr'>leui</span> <span class='ocrx_word' id='word_1_209' title='bbox 893 1758 1110 1797; x_wconf 82' lang='lat' dir='ltr'>adiumento</span> <span class='ocrx_word' id='word_1_210' title='bbox 1160 1759 1210 1797; x_wconf 90' lang='lat' dir='ltr'>est</span> <span class='ocrx_word' id='word_1_211' title='bbox 1260 1757 1498 1814; x_wconf 65' lang='lat' dir='ltr'>CICERO,</span> 
     </span>
     <span class='ocr_line' id='line_1_28' title="bbox 201 1816 1498 1876; baseline 0.003 -18"><span class='ocrx_word' id='word_1_212' title='bbox 201 1830 325 1858; x_wconf 87' lang='lat' dir='ltr'>rerum</span> <span class='ocrx_word' id='word_1_213' title='bbox 367 1816 510 1857; x_wconf 81' lang='lat' dir='ltr'>Siciliae</span> <span class='ocrx_word' id='word_1_214' title='bbox 530 1850 540 1867; x_wconf 92' lang='lat'>,</span> <span class='ocrx_word' id='word_1_215' title='bbox 575 1818 598 1857; x_wconf 80' lang='lat' dir='ltr'>si</span> <span class='ocrx_word' id='word_1_216' title='bbox 630 1819 819 1871; x_wconf 85' lang='lat' dir='ltr'>quisquam</span> <span class='ocrx_word' id='word_1_217' title='bbox 854 1820 943 1859; x_wconf 63' lang='lat' dir='ltr'>aliu&gt;</span> <span class='ocrx_word' id='word_1_218' title='bbox 963 1851 974 1870; x_wconf 87' lang='lat'>,</span> <span class='ocrx_word' id='word_1_219' title='bbox 1010 1821 1126 1872; x_wconf 82' lang='lat' dir='ltr'>probe</span> <span class='ocrx_word' id='word_1_220' title='bbox 1145 1833 1275 1872; x_wconf 84' lang='lat' dir='ltr'>guarus</span> <span class='ocrx_word' id='word_1_221' title='bbox 1297 1854 1306 1873; x_wconf 84' lang='grc'>,</span> <span class='ocrx_word' id='word_1_222' title='bbox 1325 1823 1498 1876; x_wconf 62' lang='lat' dir='ltr'>quippe,</span> 
     </span>
     <span class='ocr_line' id='line_1_29' title="bbox 201 1881 1496 1937; baseline 0.005 -18"><span class='ocrx_word' id='word_1_223' title='bbox 201 1892 288 1920; x_wconf 90' lang='lat' dir='ltr'>cum</span> <span class='ocrx_word' id='word_1_224' title='bbox 322 1881 467 1931; x_wconf 85' lang='lat' dir='ltr'>quastor</span> <span class='ocrx_word' id='word_1_225' title='bbox 502 1881 586 1919; x_wconf 76' lang='lat' dir='ltr'>esset</span> <span class='ocrx_word' id='word_1_226' title='bbox 606 1913 616 1932; x_wconf 78' lang='lat'>‚</span> <span class='ocrx_word' id='word_1_227' title='bbox 649 1883 685 1920; x_wconf 90' lang='lat' dir='ltr'>in</span> <span class='ocrx_word' id='word_1_228' title='bbox 717 1893 759 1920; x_wconf 90' lang='lat' dir='ltr'>ea</span> <span class='ocrx_word' id='word_1_229' title='bbox 795 1882 980 1922; x_wconf 73' lang='lat' dir='ltr'>versatus:</span> <span class='ocrx_word' id='word_1_230' title='bbox 1014 1883 1248 1935; x_wconf 73' lang='lat' dir='ltr'>eiusdemque</span> <span class='ocrx_word' id='word_1_231' title='bbox 1282 1898 1307 1937; x_wconf 94' lang='lat' dir='ltr'>p</span> <span class='ocrx_word' id='word_1_232' title='bbox 1328 1887 1496 1925; x_wconf 83' lang='lat' dir='ltr'>ouinciae</span> 
     </span>
     <span class='ocr_line' id='line_1_30' title="bbox 204 1940 1496 1996; baseline 0.005 -15"><span class='ocrx_word' id='word_1_233' title='bbox 204 1943 238 1981; x_wconf 90' lang='lat' dir='ltr'>in</span> <span class='ocrx_word' id='word_1_234' title='bbox 268 1942 489 1981; x_wconf 77' lang='lat' dir='ltr'>accusatione</span> <span class='ocrx_word' id='word_1_235' title='bbox 520 1940 566 1981; x_wconf 92' lang='lat' dir='ltr'>C.</span> <span class='ocrx_word' id='word_1_236' title='bbox 631 1944 757 1983; x_wconf 88' lang='lat' dir='ltr'>Verris</span> <span class='ocrx_word' id='word_1_237' title='bbox 789 1955 970 1996; x_wconf 86' lang='lat' dir='ltr'>patronus.</span> <span class='ocrx_word' id='word_1_238' title='bbox 1040 1945 1113 1984; x_wconf 90' lang='lat' dir='ltr'>Hic</span> <span class='ocrx_word' id='word_1_239' title='bbox 1144 1946 1295 1986; x_wconf 82' lang='lat' dir='ltr'>abstinet</span> <span class='ocrx_word' id='word_1_240' title='bbox 1314 1946 1346 1986; x_wconf 72' lang='lat' dir='ltr'>le</span> <span class='ocrx_word' id='word_1_241' title='bbox 1379 1961 1399 1987; x_wconf 82' lang='lat' dir='ltr'>a</span> <span class='ocrx_word' id='word_1_242' title='bbox 1420 1945 1496 1988; x_wconf 82' lang='lat' dir='ltr'>Ge-</span> 
     </span>
     <span class='ocr_line' id='line_1_31' title="bbox 202 2004 1496 2065; baseline 0.005 -22"><span class='ocrx_word' id='word_1_243' title='bbox 202 2004 349 2043; x_wconf 88' lang='lat' dir='ltr'>loorum</span> <span class='ocrx_word' id='word_1_244' title='bbox 381 2006 558 2056; x_wconf 87' lang='lat' dir='ltr'>nornine,</span> <span class='ocrx_word' id='word_1_245' title='bbox 592 2015 630 2046; x_wconf 87' lang='lat' dir='ltr'>et</span> <span class='ocrx_word' id='word_1_246' title='bbox 649 2038 661 2058; x_wconf 80' lang='lat'>,</span> <span class='ocrx_word' id='word_1_247' title='bbox 703 2007 848 2060; x_wconf 86' lang='lat' dir='ltr'>quoties</span> <span class='ocrx_word' id='word_1_248' title='bbox 878 2019 925 2046; x_wconf 88' lang='lat' dir='ltr'>eo</span> <span class='ocrx_word' id='word_1_249' title='bbox 958 2009 1139 2048; x_wconf 79' lang='lat' dir='ltr'>vtendum</span> <span class='ocrx_word' id='word_1_250' title='bbox 1177 2008 1322 2061; x_wconf 74' lang='lat' dir='ltr'>fiiiffet,</span> <span class='ocrx_word' id='word_1_251' title='bbox 1371 2013 1496 2065; x_wconf 84' lang='lat' dir='ltr'>potius</span> 
     </span>
    </p>
   </div>
   <div class='ocr_carea' id='block_1_3' title="bbox 261 2066 1491 2113">
    <p class='ocr_par' dir='ltr' id='par_1_5' title="bbox 261 2066 1491 2113">
     <span class='ocr_line' id='line_1_32' title="bbox 261 2066 1491 2113; baseline 0.002 -8"><span class='ocrx_word' id='word_1_252' title='bbox 261 2066 360 2106; x_wconf 88' lang='lat' dir='ltr'>Tom.</span> <span class='ocrx_word' id='word_1_253' title='bbox 397 2066 445 2107; x_wconf 89' lang='lat' dir='ltr'><em>X</em></span> <span class='ocrx_word' id='word_1_254' title='bbox 448 2067 523 2109; x_wconf 80' lang='lat' dir='ltr'>W.</span> <span class='ocrx_word' id='word_1_255' title='bbox 858 2070 896 2107; x_wconf 90' lang='lat' dir='ltr'>T</span> <span class='ocrx_word' id='word_1_256' title='bbox 932 2078 946 2107; x_wconf 92' lang='lat' dir='ltr'>t</span> <span class='ocrx_word' id='word_1_257' title='bbox 1416 2072 1491 2113; x_wconf 81' lang='lat' dir='ltr'>Ge-</span> 
     </span>
    </p>
   </div>
  </div>
 </body>
</html>
