2020 2668
539 110 634 156 354-
855 99 1465 150 MARCIANOPOLtTARV
1466 106 1533 150 M.

535 216 762 272 accepimus.
823 218 993 260 Vnicum
1029 219 1134 261 huius
1165 220 1269 261 vrbis
1301 232 1462 262 numum
1481 253 1494 274 ,
1521 232 1612 262 cum
1634 218 1852 262 Marcianae

535 282 693 322 nomine
712 315 723 334 ‚
757 282 860 323 dedit
892 283 1152 326 HAYMIVS
1193 285 1328 325 laudati
1369 284 1522 326 theffiuri
1574 285 1647 326 vol.
1682 285 1732 327 ΙΙ.
1764 294 1856 340 pag.

541 358 644 396 209.
683 345 778 387 Inde
810 347 858 388 ad
890 345 1072 402 Septimii
1103 347 1230 389 Seueri
1265 358 1443 403 tempora
1464 381 1475 400 ,
1510 348 1556 389 ad
1585 361 1674 403 quae
1708 349 1860 390 VAIL-

535 407 785 452 LANTIVS
819 412 988 465 primum
1023 413 1167 454 notauit
1186 445 1197 465 ‚
1231 411 1353 453 hiatus
1384 412 1451 453 est.
1515 412 1580 454 Ab
1602 413 1674 453 hoc
1693 413 1857 453 demum

533 475 754 529 complures
773 507 784 526 ‚
815 485 853 516 et
884 476 984 530 apud
1016 474 1138 518 solum
1170 476 1433 518 Froelichium
1467 476 1601 530 viginti
1643 489 1720 516 nou
1771 487 1861 517 ante

536 548 627 579 eum
660 539 839 594 publicati
890 540 1109 581 obueniunt.
1194 540 1386 592 Vltimus,
1438 541 1478 580 ni
1512 539 1649 591 (iiiior,
1701 540 1862 594 Philippi

534 601 689 644 iunioris
719 602 838 644 exstat
869 615 890 644 a
933 602 1005 645 10.
1055 603 1365 647 HARDVINO
1414 613 1573 644 notatus.
1617 602 1864 658 ,Supeifiiiffe

531 672 665 707 tamen
698 667 835 708 vrbem
867 665 1006 709 saluam
1038 669 1158 710 adhuc
1212 666 1363 709 Claudii
1415 664 1572 708 Gothici
1623 668 1864 722 temporibus

534 731 723 772 nouimus.
790 730 903 772 Forte
935 733 1172 774 inuenientur
1202 733 1310 786 aliqui
1346 742 1459 785 vsque
1492 732 1538 773 ad
1573 741 1724 786 tempus
1774 732 1862 773 illud

533 794 608 835 cusi
627 828 637 847 ,
669 808 745 850 quo
779 796 890 837 vrbes
920 797 968 837 ab
1002 797 1232 839 excudendis
1264 795 1327 837 ίίιο
1357 796 1518 836 nominc
1570 797 1695 837 numis
1743 795 1865 838 seriari

535 870 674 900 omues
708 860 817 900 iuffie
852 859 1013 901 fuerunt.

652 923 820 980 Qualem
871 925 1117 965 denominare
1171 924 1351 966 feminam
1386 925 1423 965 in
1455 936 1538 964 arca
1571 924 1765 978 depiftam
1799 925 1862 965 de-

535 985 724 1037 beamus,
776 999 851 1026 non
891 987 1144 1027 determinare
1177 990 1309 1029 ausim.
1376 987 1480 1028 Mihi
1532 1000 1660 1027 tamen
1713 989 1864 1028 videtur

538 1050 642 1090 vrbis
675 1049 747 1090 esse
779 1049 996 1101 symbolum
1016 1083 1027 1102 ‚
1061 1064 1153 1105 quae
1188 1051 1424 1092 exercendae
1458 1051 1698 1104 agriculturae
1731 1061 1768 1090 ct
1798 1065 1861 1106 pa-

541 1113 633 1152 triae
666 1111 918 1154 defendendae
948 1125 1064 1167 aeque
1099 1115 1239 1155 strenue
1280 1114 1506 1166 inuigilabat.
1587 1116 1682 1155 Puto
1733 1126 1862 1155 autern

538 1175 682 1216 scutum
716 1175 752 1215 id
788 1173 894 1228 effe,
927 1176 1027 1230 quod
1062 1177 1197 1218 sinistra
1231 1190 1345 1218 manu
1379 1186 1514 1229 tenet3
1550 1178 1616 1218 etsi
1659 1177 1864 1230 aliquantu-

538 1237 618 1280 lum
653 1251 718 1279 mc
749 1238 906 1280 dubium
961 1240 1086 1281 reddit
1134 1240 1252 1294 figura
1303 1240 1546 1280 rhomboides
1589 1241 1710 1294 magis
1751 1254 1867 1294 quam

540 1303 702 1346 totunda
732 1313 794 1346 aut
825 1313 937 1346 ouata
955 1336 967 1358 ‚
1001 1304 1098 1360 quali
1131 1306 1353 1362 pierumque
1385 1303 1482 1346 scuta
1515 1303 1686 1346 exhiberi
1719 1303 1849 1347 iolent.

1671 2135 1870 2181 NVMVS
