<?xml version="1.0" encoding="UTF-8"?>
<!DOCTYPE html PUBLIC "-//W3C//DTD XHTML 1.0 Transitional//EN"
    "http://www.w3.org/TR/xhtml1/DTD/xhtml1-transitional.dtd">
<html xmlns="http://www.w3.org/1999/xhtml" xml:lang="en" lang="en">
 <head>
  <title>
</title>
<meta http-equiv="Content-Type" content="text/html;charset=utf-8" />
  <meta name='ocr-system' content='tesseract 3.04.00' />
  <meta name='ocr-capabilities' content='ocr_page ocr_carea ocr_par ocr_line ocrx_word'/>
</head>
<body>
  <div class='ocr_page' id='page_1' title='image "./commentariiacade14impe/commentariiacade14impe_0277.png"; bbox 0 0 2020 2668; ppageno 0'>
   <div class='ocr_carea' id='block_1_1' title="bbox 482 96 1514 153">
    <p class='ocr_par' dir='ltr' id='par_1_1' title="bbox 482 96 1514 153">
     <span class='ocr_line' id='line_1_1' title="bbox 482 96 1514 153; baseline -0.003 -10"><span class='ocrx_word' id='word_1_1' title='bbox 482 98 685 144; x_wconf 83' lang='lat' dir='ltr'><em>SECVM</em></span> <span class='ocrx_word' id='word_1_2' title='bbox 714 96 1158 144; x_wconf 75' lang='lat' dir='ltr'>PERMixToRVM.</span> <span class='ocrx_word' id='word_1_3' title='bbox 1426 105 1514 153; x_wconf 82' lang='lat'>269</span> 
     </span>
    </p>
   </div>
   <div class='ocr_carea' id='block_1_2' title="bbox 211 210 1521 267">
    <p class='ocr_par' dir='ltr' id='par_1_2' title="bbox 211 210 1521 267">
     <span class='ocr_line' id='line_1_2' title="bbox 211 210 1521 267; baseline -0.002 -10"><span class='ocrx_word' id='word_1_4' title='bbox 211 224 319 257; x_wconf 83' lang='lat' dir='ltr'>antur</span> <span class='ocrx_word' id='word_1_5' title='bbox 347 213 412 255; x_wconf 91' lang='lat' dir='ltr'>hic</span> <span class='ocrx_word' id='word_1_6' title='bbox 443 212 558 254; x_wconf 86' lang='lat' dir='ltr'>rursus</span> <span class='ocrx_word' id='word_1_7' title='bbox 588 214 735 254; x_wconf 80' lang='lat' dir='ltr'>valores</span> <span class='ocrx_word' id='word_1_8' title='bbox 767 212 926 267; x_wconf 90' lang='lat' dir='ltr'>ipsorum</span> <span class='ocrx_word' id='word_1_9' title='bbox 972 211 1058 253; x_wconf 91' lang='lat' dir='ltr'>DV</span> <span class='ocrx_word' id='word_1_10' title='bbox 1092 221 1128 257; x_wconf 85' lang='lat' dir='ltr'>et</span> <span class='ocrx_word' id='word_1_11' title='bbox 1161 211 1223 251; x_wconf 85' lang='lat' dir='ltr'>dv</span> <span class='ocrx_word' id='word_1_12' title='bbox 1241 241 1252 261; x_wconf 87' lang='lat'>,</span> <span class='ocrx_word' id='word_1_13' title='bbox 1284 211 1347 264; x_wconf 89' lang='lat' dir='ltr'>qui</span> <span class='ocrx_word' id='word_1_14' title='bbox 1380 210 1457 252; x_wconf 89' lang='lat' dir='ltr'>sunt</span> <span class='ocrx_word' id='word_1_15' title='bbox 1489 213 1521 255; x_wconf 90' lang='lat' dir='ltr'><strong>P</strong></span> 
     </span>
    </p>
   </div>
   <div class='ocr_carea' id='block_1_3' title="bbox 214 267 1520 342">
    <p class='ocr_par' dir='ltr' id='par_1_3' title="bbox 214 267 1520 342">
     <span class='ocr_line' id='line_1_3' title="bbox 214 267 1520 342; baseline -0.002 -15"><span class='ocrx_word' id='word_1_16' title='bbox 214 297 252 327; x_wconf 84' lang='lat' dir='ltr'>et</span> <span class='ocrx_word' id='word_1_17' title='bbox 282 295 327 342; x_wconf 86' lang='lat' dir='ltr'>p,</span> <span class='ocrx_word' id='word_1_18' title='bbox 360 295 469 339; x_wconf 85' lang='lat' dir='ltr'>atque</span> <span class='ocrx_word' id='word_1_19' title='bbox 494 284 722 325; x_wconf 81' lang='lat' dir='ltr'>obtinebitur</span> <span class='ocrx_word' id='word_1_20' title='bbox 751 285 798 325; x_wconf 89' lang='lat' dir='ltr'>s1c</span> <span class='ocrx_word' id='word_1_21' title='bbox 829 297 865 324; x_wconf 89' lang='lat' dir='ltr'>m</span> <span class='ocrx_word' id='word_1_22' title='bbox 883 298 933 323; x_wconf 70' lang='lat' dir='ltr'><em>z</em></span> <span class='ocrx_word' id='word_1_23' title='bbox 954 267 1342 342; x_wconf 42' lang='lat' dir='ltr'>Qffloe-Q-</span> <span class='ocrx_word' id='word_1_24' title='bbox 1376 283 1520 337; x_wconf 84' lang='lat' dir='ltr'>Appli-</span> 
     </span>
    </p>
   </div>
   <div class='ocr_carea' id='block_1_4' title="bbox 207 345 1517 2095">
    <p class='ocr_par' dir='ltr' id='par_1_4' title="bbox 207 345 1517 1528">
     <span class='ocr_line' id='line_1_4' title="bbox 213 345 1514 400; baseline -0.002 -10"><span class='ocrx_word' id='word_1_25' title='bbox 213 351 336 390; x_wconf 83' lang='lat' dir='ltr'>cando</span> <span class='ocrx_word' id='word_1_26' title='bbox 377 360 470 388; x_wconf 90' lang='lat' dir='ltr'>nunc</span> <span class='ocrx_word' id='word_1_27' title='bbox 511 346 608 388; x_wconf 78' lang='lat' dir='ltr'>hanc</span> <span class='ocrx_word' id='word_1_28' title='bbox 648 347 920 400; x_wconf 85' lang='lat' dir='ltr'>expressionem</span> <span class='ocrx_word' id='word_1_29' title='bbox 962 348 1009 387; x_wconf 82' lang='lat' dir='ltr'>ad</span> <span class='ocrx_word' id='word_1_30' title='bbox 1059 359 1247 400; x_wconf 84' lang='lat' dir='ltr'>experlm.</span> <span class='ocrx_word' id='word_1_31' title='bbox 1277 345 1354 389; x_wconf 93' lang='lat' dir='ltr'>XI.</span> <span class='ocrx_word' id='word_1_32' title='bbox 1389 349 1436 388; x_wconf 85' lang='lat' dir='ltr'>de</span> <span class='ocrx_word' id='word_1_33' title='bbox 1467 345 1514 400; x_wconf 52' lang='grc' dir='ltr'><strong>ὃ</strong></span> 
     </span>
     <span class='ocr_line' id='line_1_5' title="bbox 212 409 1517 465; baseline 0.002 -15"><span class='ocrx_word' id='word_1_34' title='bbox 212 421 250 452; x_wconf 88' lang='lat' dir='ltr'>et</span> <span class='ocrx_word' id='word_1_35' title='bbox 286 420 318 465; x_wconf 58' lang='grc' dir='ltr'>χι</span> <span class='ocrx_word' id='word_1_36' title='bbox 356 410 400 451; x_wconf 88' lang='lat' dir='ltr'>fit</span> <span class='ocrx_word' id='word_1_37' title='bbox 432 409 771 462; x_wconf 67' lang='lat' dir='ltr'>D310.596,</span> <span class='ocrx_word' id='word_1_38' title='bbox 803 422 901 451; x_wconf 78' lang='lat' dir='ltr'>a:</span> <span class='ocrx_word' id='word_1_39' title='bbox 926 416 1104 464; x_wconf 58' lang='lat'>&amp;1323</span> <span class='ocrx_word' id='word_1_40' title='bbox 1139 410 1401 464; x_wconf 66' lang='lat' dir='ltr'>P1315{;</span> <span class='ocrx_word' id='word_1_41' title='bbox 1433 411 1517 452; x_wconf 80' lang='lat' dir='ltr'>d:</span> 
     </span>
     <span class='ocr_line' id='line_1_6' title="bbox 214 474 1515 527; baseline 0.001 -13"><span class='ocrx_word' id='word_1_42' title='bbox 214 479 363 524; x_wconf 86' lang='lat'>7.338</span> <span class='ocrx_word' id='word_1_43' title='bbox 387 487 399 526; x_wconf 72' lang='lat'>&#39;⁷</span> <span class='ocrx_word' id='word_1_44' title='bbox 478 485 534 513; x_wconf 70' lang='lat' dir='ltr'><strong><em>z</em></strong></span> <span class='ocrx_word' id='word_1_45' title='bbox 554 479 693 527; x_wconf 56' lang='lat'><em>700333</em></span> <span class='ocrx_word' id='word_1_46' title='bbox 739 474 838 514; x_wconf 78' lang='lat' dir='ltr'>b:</span> <span class='ocrx_word' id='word_1_47' title='bbox 860 485 913 523; x_wconf 82' lang='lat'>32</span> <span class='ocrx_word' id='word_1_48' title='bbox 941 486 952 525; x_wconf 71' lang='grc' dir='ltr'>ε,</span> <span class='ocrx_word' id='word_1_49' title='bbox 1000 483 1107 526; x_wconf 85' lang='lat' dir='ltr'>atque</span> <span class='ocrx_word' id='word_1_50' title='bbox 1144 486 1193 513; x_wconf 87' lang='lat' dir='ltr'>ex</span> <span class='ocrx_word' id='word_1_51' title='bbox 1233 474 1290 514; x_wconf 73' lang='lat' dir='ltr'>his</span> <span class='ocrx_word' id='word_1_52' title='bbox 1322 475 1515 515; x_wconf 81' lang='lat' dir='ltr'>deducitur</span> 
     </span>
     <span class='ocr_line' id='line_1_7' title="bbox 210 535 1514 590; baseline 0.002 -14"><span class='ocrx_word' id='word_1_53' title='bbox 210 537 504 590; x_wconf 83' lang='lat' dir='ltr'>quamproxime</span> <span class='ocrx_word' id='word_1_54' title='bbox 536 549 642 576; x_wconf 78' lang='lat' dir='ltr'>m:</span> <span class='ocrx_word' id='word_1_55' title='bbox 664 547 686 583; x_wconf 82' lang='lat'><strong>3</strong></span> <span class='ocrx_word' id='word_1_56' title='bbox 705 549 751 575; x_wconf 80' lang='grc' dir='ltr'>,ο</span> <span class='ocrx_word' id='word_1_57' title='bbox 767 545 792 584; x_wconf 93' lang='lat'>7</span> <span class='ocrx_word' id='word_1_58' title='bbox 813 549 866 589; x_wconf 89' lang='lat' dir='ltr'>gr.</span> <span class='ocrx_word' id='word_1_59' title='bbox 905 548 926 575; x_wconf 88' lang='lat' dir='ltr'>n</span> <span class='ocrx_word' id='word_1_60' title='bbox 944 549 999 575; x_wconf 72' lang='lat' dir='ltr'><strong><em>z</em></strong></span> <span class='ocrx_word' id='word_1_61' title='bbox 1022 540 1097 576; x_wconf 83' lang='lat'>28.</span> <span class='ocrx_word' id='word_1_62' title='bbox 1120 549 1193 586; x_wconf 82' lang='lat'>93.</span> <span class='ocrx_word' id='word_1_63' title='bbox 1216 550 1272 590; x_wconf 86' lang='lat' dir='ltr'>gr.</span> <span class='ocrx_word' id='word_1_64' title='bbox 1344 535 1410 577; x_wconf 87' lang='lat' dir='ltr'>Sin</span> <span class='ocrx_word' id='word_1_65' title='bbox 1446 538 1514 578; x_wconf 87' lang='lat' dir='ltr'>ita-</span> 
     </span>
     <span class='ocr_line' id='line_1_8' title="bbox 208 594 1514 652; baseline 0.001 -13"><span class='ocrx_word' id='word_1_66' title='bbox 208 612 278 652; x_wconf 90' lang='lat' dir='ltr'>que</span> <span class='ocrx_word' id='word_1_67' title='bbox 318 599 357 639; x_wconf 87' lang='lat' dir='ltr'>in</span> <span class='ocrx_word' id='word_1_68' title='bbox 401 598 474 638; x_wconf 83' lang='lat' dir='ltr'>hoc</span> <span class='ocrx_word' id='word_1_69' title='bbox 514 598 594 639; x_wconf 83' lang='lat' dir='ltr'>casu</span> <span class='ocrx_word' id='word_1_70' title='bbox 632 599 802 640; x_wconf 74' lang='lat' dir='ltr'>statuatur</span> <span class='ocrx_word' id='word_1_71' title='bbox 843 608 1034 652; x_wconf 85' lang='lat' dir='ltr'>argentum</span> <span class='ocrx_word' id='word_1_72' title='bbox 1076 599 1216 652; x_wconf 84' lang='lat' dir='ltr'>pafliim</span> <span class='ocrx_word' id='word_1_73' title='bbox 1251 594 1349 639; x_wconf 74' lang='lat' dir='ltr'>fuisse</span> <span class='ocrx_word' id='word_1_74' title='bbox 1382 601 1514 641; x_wconf 87' lang='lat' dir='ltr'>decre-</span> 
     </span>
     <span class='ocr_line' id='line_1_9' title="bbox 210 662 1505 716; baseline 0.002 -15"><span class='ocrx_word' id='word_1_75' title='bbox 210 671 382 702; x_wconf 85' lang='lat' dir='ltr'>mentum</span> <span class='ocrx_word' id='word_1_76' title='bbox 415 675 438 712; x_wconf 86' lang='lat'><strong>3</strong></span> <span class='ocrx_word' id='word_1_77' title='bbox 460 673 552 710; x_wconf 92' lang='lat'><strong>.07.</strong></span> <span class='ocrx_word' id='word_1_78' title='bbox 573 675 627 715; x_wconf 84' lang='lat' dir='ltr'>gr.</span> <span class='ocrx_word' id='word_1_79' title='bbox 660 672 697 701; x_wconf 91' lang='lat' dir='ltr'>et</span> <span class='ocrx_word' id='word_1_80' title='bbox 731 662 899 702; x_wconf 80' lang='lat' dir='ltr'>stannum</span> <span class='ocrx_word' id='word_1_81' title='bbox 937 668 991 703; x_wconf 83' lang='lat'>28</span> <span class='ocrx_word' id='word_1_82' title='bbox 1010 674 1104 712; x_wconf 81' lang='lat'>‚93.</span> <span class='ocrx_word' id='word_1_83' title='bbox 1131 675 1186 715; x_wconf 89' lang='lat' dir='ltr'>gr.</span> <span class='ocrx_word' id='word_1_84' title='bbox 1223 663 1401 715; x_wconf 81' lang='lat' dir='ltr'>explicari</span> <span class='ocrx_word' id='word_1_85' title='bbox 1435 676 1505 716; x_wconf 92' lang='lat' dir='ltr'>po-</span> 
     </span>
     <span class='ocr_line' id='line_1_10' title="bbox 209 725 1509 777; baseline 0.002 -13"><span class='ocrx_word' id='word_1_86' title='bbox 209 727 296 764; x_wconf 88' lang='lat' dir='ltr'>terit</span> <span class='ocrx_word' id='word_1_87' title='bbox 326 734 365 763; x_wconf 90' lang='lat' dir='ltr'>et</span> <span class='ocrx_word' id='word_1_88' title='bbox 395 725 551 766; x_wconf 82' lang='lat' dir='ltr'>densitas</span> <span class='ocrx_word' id='word_1_89' title='bbox 579 725 693 765; x_wconf 87' lang='lat' dir='ltr'>mixti</span> <span class='ocrx_word' id='word_1_90' title='bbox 726 725 831 764; x_wconf 57' lang='lat' dir='ltr'>auct-,1</span> <span class='ocrx_word' id='word_1_91' title='bbox 850 757 861 776; x_wconf 84' lang='lat'>,</span> <span class='ocrx_word' id='word_1_92' title='bbox 895 733 931 763; x_wconf 90' lang='lat' dir='ltr'>et</span> <span class='ocrx_word' id='word_1_93' title='bbox 961 725 1228 764; x_wconf 84' lang='lat' dir='ltr'>detrimentum</span> <span class='ocrx_word' id='word_1_94' title='bbox 1262 726 1438 777; x_wconf 83' lang='lat' dir='ltr'>ponderis</span> <span class='ocrx_word' id='word_1_95' title='bbox 1472 728 1509 766; x_wconf 90' lang='lat' dir='ltr'>in</span> 
     </span>
     <span class='ocr_line' id='line_1_11' title="bbox 214 786 1514 840; baseline 0.002 -13"><span class='ocrx_word' id='word_1_96' title='bbox 214 800 262 827; x_wconf 90' lang='lat' dir='ltr'>eo</span> <span class='ocrx_word' id='word_1_97' title='bbox 294 786 431 828; x_wconf 59' lang='lat' dir='ltr'>factum</span> <span class='ocrx_word' id='word_1_98' title='bbox 452 819 464 839; x_wconf 84' lang='lat'>,</span> <span class='ocrx_word' id='word_1_99' title='bbox 514 799 583 840; x_wconf 92' lang='lat' dir='ltr'>per</span> <span class='ocrx_word' id='word_1_100' title='bbox 611 787 837 840; x_wconf 87' lang='lat' dir='ltr'>hypothesin</span> <span class='ocrx_word' id='word_1_101' title='bbox 877 787 973 826; x_wconf 78' lang='lat' dir='ltr'>hanc</span> <span class='ocrx_word' id='word_1_102' title='bbox 1015 786 1094 826; x_wconf 74' lang='lat' dir='ltr'>satis</span> <span class='ocrx_word' id='word_1_103' title='bbox 1125 788 1376 839; x_wconf 77' lang='lat' dir='ltr'>probabilem.</span> <span class='ocrx_word' id='word_1_104' title='bbox 1439 787 1514 830; x_wconf 83' lang='lat' dir='ltr'>Sed</span> 
     </span>
     <span class='ocr_line' id='line_1_12' title="bbox 212 848 1508 902; baseline 0.002 -13"><span class='ocrx_word' id='word_1_105' title='bbox 212 850 437 902; x_wconf 85' lang='lat' dir='ltr'>applicando</span> <span class='ocrx_word' id='word_1_106' title='bbox 468 849 629 890; x_wconf 84' lang='lat' dir='ltr'>eandem</span> <span class='ocrx_word' id='word_1_107' title='bbox 662 850 756 889; x_wconf 82' lang='lat' dir='ltr'>hanc</span> <span class='ocrx_word' id='word_1_108' title='bbox 791 848 988 888; x_wconf 85' lang='lat' dir='ltr'>formulam</span> <span class='ocrx_word' id='word_1_109' title='bbox 1021 850 1067 888; x_wconf 83' lang='lat' dir='ltr'>ad</span> <span class='ocrx_word' id='word_1_110' title='bbox 1097 848 1217 890; x_wconf 82' lang='lat' dir='ltr'>casum</span> <span class='ocrx_word' id='word_1_111' title='bbox 1252 852 1508 901; x_wconf 74' lang='lat' dir='ltr'><strong>experimenti</strong></span> 
     </span>
     <span class='ocr_line' id='line_1_13' title="bbox 209 910 1508 964; baseline 0.001 -12"><span class='ocrx_word' id='word_1_112' title='bbox 209 911 330 954; x_wconf 83' lang='lat' dir='ltr'>xm.</span> <span class='ocrx_word' id='word_1_113' title='bbox 365 911 413 951; x_wconf 91' lang='lat' dir='ltr'>de</span> <span class='ocrx_word' id='word_1_114' title='bbox 447 910 474 959; x_wconf 77' lang='grc' dir='ltr'>ῼ</span> <span class='ocrx_word' id='word_1_115' title='bbox 510 922 548 951; x_wconf 92' lang='lat' dir='ltr'>et</span> <span class='ocrx_word' id='word_1_116' title='bbox 580 920 612 962; x_wconf 56' lang='lat'>23</span> <span class='ocrx_word' id='word_1_117' title='bbox 640 926 651 964; x_wconf 76' lang='lat'><em>3</em></span> <span class='ocrx_word' id='word_1_118' title='bbox 686 911 851 951; x_wconf 86' lang='lat' dir='ltr'>oriuntur</span> <span class='ocrx_word' id='word_1_119' title='bbox 876 923 912 951; x_wconf 87' lang='lat' dir='ltr'>m</span> <span class='ocrx_word' id='word_1_120' title='bbox 930 923 984 949; x_wconf 72' lang='grc' dir='ltr'>Ξ</span> <span class='ocrx_word' id='word_1_121' title='bbox 1005 932 1046 939; x_wconf 84' lang='lat'>—-</span> <span class='ocrx_word' id='word_1_122' title='bbox 1064 921 1169 960; x_wconf 81' lang='lat'><em>473.</em></span> <span class='ocrx_word' id='word_1_123' title='bbox 1192 923 1249 964; x_wconf 87' lang='lat' dir='ltr'>gr.</span> <span class='ocrx_word' id='word_1_124' title='bbox 1286 925 1310 952; x_wconf 86' lang='lat' dir='ltr'>n</span> <span class='ocrx_word' id='word_1_125' title='bbox 1330 925 1381 950; x_wconf 70' lang='grc' dir='ltr'>Ξ</span> <span class='ocrx_word' id='word_1_126' title='bbox 1403 926 1508 964; x_wconf 79' lang='lat'>494.</span> 
     </span>
     <span class='ocr_line' id='line_1_14' title="bbox 207 973 1511 1028; baseline 0.002 -15"><span class='ocrx_word' id='word_1_127' title='bbox 207 986 265 1028; x_wconf 87' lang='lat' dir='ltr'>gr.</span> <span class='ocrx_word' id='word_1_128' title='bbox 297 974 401 1027; x_wconf 89' lang='lat' dir='ltr'>quod</span> <span class='ocrx_word' id='word_1_129' title='bbox 429 973 695 1014; x_wconf 83' lang='lat' dir='ltr'>detrimentum</span> <span class='ocrx_word' id='word_1_130' title='bbox 729 974 906 1026; x_wconf 88' lang='lat' dir='ltr'>ponderis</span> <span class='ocrx_word' id='word_1_131' title='bbox 938 975 1154 1026; x_wconf 88' lang='lat' dir='ltr'>negatiuum</span> <span class='ocrx_word' id='word_1_132' title='bbox 1195 975 1236 1014; x_wconf 87' lang='lat' dir='ltr'>in</span> <span class='ocrx_word' id='word_1_133' title='bbox 1262 987 1382 1028; x_wconf 86' lang='lat' dir='ltr'>cupro</span> <span class='ocrx_word' id='word_1_134' title='bbox 1414 977 1511 1016; x_wconf 86' lang='lat' dir='ltr'>indi-</span> 
     </span>
     <span class='ocr_line' id='line_1_15' title="bbox 210 1035 1514 1090; baseline 0.002 -13"><span class='ocrx_word' id='word_1_135' title='bbox 210 1045 274 1077; x_wconf 84' lang='lat' dir='ltr'>cat</span> <span class='ocrx_word' id='word_1_136' title='bbox 292 1069 303 1088; x_wconf 92' lang='lat'>,</span> <span class='ocrx_word' id='word_1_137' title='bbox 334 1035 403 1089; x_wconf 88' lang='lat' dir='ltr'>ipfi</span> <span class='ocrx_word' id='word_1_138' title='bbox 433 1045 678 1089; x_wconf 74' lang='lat' dir='ltr'>augmentum</span> <span class='ocrx_word' id='word_1_139' title='bbox 712 1035 884 1077; x_wconf 83' lang='lat' dir='ltr'>acceffiffe</span> <span class='ocrx_word' id='word_1_140' title='bbox 915 1037 1092 1089; x_wconf 85' lang='lat' dir='ltr'>ponderis</span> <span class='ocrx_word' id='word_1_141' title='bbox 1122 1045 1230 1087; x_wconf 83' lang='lat'><strong>473.</strong></span> <span class='ocrx_word' id='word_1_142' title='bbox 1249 1049 1306 1090; x_wconf 88' lang='lat' dir='ltr'>gr.</span> <span class='ocrx_word' id='word_1_143' title='bbox 1343 1038 1514 1080; x_wconf 87' lang='lat' dir='ltr'>stannum</span> 
     </span>
     <span class='ocr_line' id='line_1_16' title="bbox 210 1097 1517 1155; baseline 0.002 -16"><span class='ocrx_word' id='word_1_144' title='bbox 210 1111 305 1140; x_wconf 78' lang='lat' dir='ltr'>vero</span> <span class='ocrx_word' id='word_1_145' title='bbox 337 1099 479 1152; x_wconf 79' lang='lat' dir='ltr'>passum</span> <span class='ocrx_word' id='word_1_146' title='bbox 511 1097 611 1139; x_wconf 80' lang='lat' dir='ltr'>fuisse</span> <span class='ocrx_word' id='word_1_147' title='bbox 639 1098 910 1139; x_wconf 87' lang='lat' dir='ltr'>detrimentum</span> <span class='ocrx_word' id='word_1_148' title='bbox 951 1112 1054 1149; x_wconf 90' lang='lat'>494.</span> <span class='ocrx_word' id='word_1_149' title='bbox 1092 1112 1150 1153; x_wconf 85' lang='lat' dir='ltr'>gr.</span> <span class='ocrx_word' id='word_1_150' title='bbox 1243 1098 1343 1140; x_wconf 89' lang='lat' dir='ltr'>Cum</span> <span class='ocrx_word' id='word_1_151' title='bbox 1394 1104 1517 1155; x_wconf 81' lang='lat' dir='ltr'>itaque</span> 
     </span>
     <span class='ocr_line' id='line_1_17' title="bbox 211 1160 1514 1215; baseline 0.002 -13"><span class='ocrx_word' id='word_1_152' title='bbox 211 1162 329 1202; x_wconf 82' lang='lat' dir='ltr'>stanni</span> <span class='ocrx_word' id='word_1_153' title='bbox 362 1160 603 1214; x_wconf 85' lang='lat' dir='ltr'>ingredientis</span> <span class='ocrx_word' id='word_1_154' title='bbox 634 1161 778 1215; x_wconf 86' lang='lat' dir='ltr'>pondus</span> <span class='ocrx_word' id='word_1_155' title='bbox 808 1170 955 1201; x_wconf 89' lang='lat' dir='ltr'>tantum</span> <span class='ocrx_word' id='word_1_156' title='bbox 995 1161 1061 1201; x_wconf 88' lang='lat' dir='ltr'>fuit</span> <span class='ocrx_word' id='word_1_157' title='bbox 1101 1167 1221 1212; x_wconf 61' lang='lat'><em>419}-</em></span> <span class='ocrx_word' id='word_1_158' title='bbox 1241 1175 1296 1215; x_wconf 87' lang='lat' dir='ltr'>gr.</span> <span class='ocrx_word' id='word_1_159' title='bbox 1333 1163 1514 1205; x_wconf 85' lang='lat' dir='ltr'>debuiffet</span> 
     </span>
     <span class='ocr_line' id='line_1_18' title="bbox 211 1223 1513 1279; baseline 0.003 -14"><span class='ocrx_word' id='word_1_160' title='bbox 211 1225 252 1265; x_wconf 91' lang='lat' dir='ltr'>in</span> <span class='ocrx_word' id='word_1_161' title='bbox 284 1225 413 1265; x_wconf 87' lang='lat' dir='ltr'>mixto</span> <span class='ocrx_word' id='word_1_162' title='bbox 445 1223 589 1264; x_wconf 79' lang='lat' dir='ltr'>adfuisse</span> <span class='ocrx_word' id='word_1_163' title='bbox 622 1223 764 1278; x_wconf 80' lang='lat' dir='ltr'>pondus</span> <span class='ocrx_word' id='word_1_164' title='bbox 796 1223 910 1263; x_wconf 81' lang='lat' dir='ltr'>stanni</span> <span class='ocrx_word' id='word_1_165' title='bbox 944 1245 985 1250; x_wconf 86' lang='lat'>—</span> <span class='ocrx_word' id='word_1_166' title='bbox 1006 1231 1091 1275; x_wconf 60' lang='lat'>743.</span> <span class='ocrx_word' id='word_1_167' title='bbox 1113 1238 1169 1279; x_wconf 85' lang='lat' dir='ltr'>gr.</span> <span class='ocrx_word' id='word_1_168' title='bbox 1190 1226 1290 1278; x_wconf 89' lang='lat' dir='ltr'>quod</span> <span class='ocrx_word' id='word_1_169' title='bbox 1321 1225 1513 1269; x_wconf 81' lang='lat' dir='ltr'>absurdum</span> 
     </span>
     <span class='ocr_line' id='line_1_19' title="bbox 212 1288 1515 1342; baseline 0.002 -13"><span class='ocrx_word' id='word_1_170' title='bbox 212 1288 296 1341; x_wconf 77' lang='lat' dir='ltr'>est3</span> <span class='ocrx_word' id='word_1_171' title='bbox 328 1296 374 1327; x_wconf 82' lang='lat' dir='ltr'>vt</span> <span class='ocrx_word' id='word_1_172' title='bbox 406 1295 640 1339; x_wconf 81' lang='lat' dir='ltr'>praeteream</span> <span class='ocrx_word' id='word_1_173' title='bbox 661 1319 671 1338; x_wconf 87' lang='lat'>,</span> <span class='ocrx_word' id='word_1_174' title='bbox 720 1296 966 1340; x_wconf 87' lang='lat' dir='ltr'>augmentum</span> <span class='ocrx_word' id='word_1_175' title='bbox 1010 1289 1115 1340; x_wconf 90' lang='lat' dir='ltr'>cupri</span> <span class='ocrx_word' id='word_1_176' title='bbox 1156 1300 1205 1327; x_wconf 90' lang='lat' dir='ltr'>ex</span> <span class='ocrx_word' id='word_1_177' title='bbox 1237 1291 1293 1337; x_wconf 90' lang='lat'>46</span> <span class='ocrx_word' id='word_1_178' title='bbox 1300 1295 1353 1336; x_wconf 58' lang='lat'>5¹2.</span> <span class='ocrx_word' id='word_1_179' title='bbox 1377 1302 1432 1342; x_wconf 87' lang='lat' dir='ltr'>gr.</span> <span class='ocrx_word' id='word_1_180' title='bbox 1469 1292 1515 1332; x_wconf 80' lang='lat' dir='ltr'>ad</span> 
     </span>
     <span class='ocr_line' id='line_1_20' title="bbox 218 1347 1516 1404; baseline 0.004 -15"><span class='ocrx_word' id='word_1_181' title='bbox 218 1355 338 1402; x_wconf 58' lang='lat'><em>938}-</em></span> <span class='ocrx_word' id='word_1_182' title='bbox 358 1361 414 1402; x_wconf 89' lang='lat' dir='ltr'>gr.</span> <span class='ocrx_word' id='word_1_183' title='bbox 448 1347 525 1388; x_wconf 85' lang='lat' dir='ltr'>effe</span> <span class='ocrx_word' id='word_1_184' title='bbox 556 1349 782 1390; x_wconf 88' lang='lat' dir='ltr'>incredibile.</span> <span class='ocrx_word' id='word_1_185' title='bbox 848 1349 1040 1404; x_wconf 81' lang='lat' dir='ltr'>Quoniam</span> <span class='ocrx_word' id='word_1_186' title='bbox 1067 1351 1176 1403; x_wconf 88' lang='lat' dir='ltr'>igitur</span> <span class='ocrx_word' id='word_1_187' title='bbox 1201 1350 1293 1390; x_wconf 80' lang='lat' dir='ltr'>haec</span> <span class='ocrx_word' id='word_1_188' title='bbox 1312 1353 1516 1404; x_wconf 74' lang='lat' dir='ltr'>explicatio</span> 
     </span>
     <span class='ocr_line' id='line_1_21' title="bbox 213 1410 1512 1465; baseline 0.002 -11"><span class='ocrx_word' id='word_1_189' title='bbox 213 1414 280 1454; x_wconf 76' lang='lat' dir='ltr'>vni</span> <span class='ocrx_word' id='word_1_190' title='bbox 313 1411 379 1453; x_wconf 89' lang='lat' dir='ltr'>soli</span> <span class='ocrx_word' id='word_1_191' title='bbox 410 1411 676 1465; x_wconf 85' lang='lat' dir='ltr'>phaenomeno</span> <span class='ocrx_word' id='word_1_192' title='bbox 710 1410 997 1453; x_wconf 71' lang='lat' dir='ltr'>manifestissime</span> <span class='ocrx_word' id='word_1_193' title='bbox 1027 1413 1300 1454; x_wconf 83' lang='lat' dir='ltr'>contrariatur:</span> <span class='ocrx_word' id='word_1_194' title='bbox 1336 1415 1427 1456; x_wconf 88' lang='lat' dir='ltr'>nulli</span> <span class='ocrx_word' id='word_1_195' title='bbox 1454 1430 1512 1457; x_wconf 85' lang='lat' dir='ltr'>re-</span> 
     </span>
     <span class='ocr_line' id='line_1_22' title="bbox 212 1474 727 1528; baseline -0.006 -10"><span class='ocrx_word' id='word_1_196' title='bbox 212 1477 275 1518; x_wconf 68' lang='lat' dir='ltr'>ete</span> <span class='ocrx_word' id='word_1_197' title='bbox 306 1474 529 1528; x_wconf 83' lang='lat' dir='ltr'>explicando</span> <span class='ocrx_word' id='word_1_198' title='bbox 558 1474 727 1515; x_wconf 90' lang='lat' dir='ltr'>sufficiet.</span> 
     </span>
    </p>

    <p class='ocr_par' dir='ltr' id='par_1_5' title="bbox 210 1537 1516 2095">
     <span class='ocr_line' id='line_1_23' title="bbox 326 1537 1513 1598; baseline 0.007 -22"><span class='ocrx_word' id='word_1_199' title='bbox 326 1538 360 1587; x_wconf 82' lang='lat'>§.</span> <span class='ocrx_word' id='word_1_200' title='bbox 385 1546 458 1586; x_wconf 85' lang='lat'>27.</span> <span class='ocrx_word' id='word_1_201' title='bbox 490 1537 624 1579; x_wconf 86' lang='lat' dir='ltr'>Altera</span> <span class='ocrx_word' id='word_1_202' title='bbox 654 1538 752 1578; x_wconf 81' lang='lat' dir='ltr'>ratio</span> <span class='ocrx_word' id='word_1_203' title='bbox 770 1569 780 1588; x_wconf 86' lang='lat'>,</span> <span class='ocrx_word' id='word_1_204' title='bbox 812 1549 908 1592; x_wconf 84' lang='lat' dir='ltr'>quae</span> <span class='ocrx_word' id='word_1_205' title='bbox 948 1538 987 1579; x_wconf 90' lang='lat' dir='ltr'>in</span> <span class='ocrx_word' id='word_1_206' title='bbox 1017 1537 1212 1580; x_wconf 87' lang='lat' dir='ltr'>fiibfidium</span> <span class='ocrx_word' id='word_1_207' title='bbox 1243 1542 1368 1582; x_wconf 83' lang='lat' dir='ltr'>vocari</span> <span class='ocrx_word' id='word_1_208' title='bbox 1410 1545 1513 1598; x_wconf 76' lang='lat' dir='ltr'>posse</span> 
     </span>
     <span class='ocr_line' id='line_1_24' title="bbox 210 1600 1514 1659; baseline -0.001 -17"><span class='ocrx_word' id='word_1_209' title='bbox 210 1601 388 1651; x_wconf 78' lang='lat' dir='ltr'>videtur,</span> <span class='ocrx_word' id='word_1_210' title='bbox 420 1600 512 1641; x_wconf 89' lang='lat' dir='ltr'>haec</span> <span class='ocrx_word' id='word_1_211' title='bbox 541 1600 620 1641; x_wconf 88' lang='lat' dir='ltr'>est:</span> <span class='ocrx_word' id='word_1_212' title='bbox 653 1600 797 1641; x_wconf 87' lang='lat' dir='ltr'>metalli</span> <span class='ocrx_word' id='word_1_213' title='bbox 828 1600 1001 1641; x_wconf 83' lang='lat' dir='ltr'>densioris</span> <span class='ocrx_word' id='word_1_214' title='bbox 1030 1601 1168 1654; x_wconf 85' lang='lat' dir='ltr'>aliquid</span> <span class='ocrx_word' id='word_1_215' title='bbox 1187 1602 1388 1645; x_wconf 86' lang='lat' dir='ltr'>subintrare</span> <span class='ocrx_word' id='word_1_216' title='bbox 1408 1638 1419 1659; x_wconf 84' lang='lat'>,</span> <span class='ocrx_word' id='word_1_217' title='bbox 1447 1608 1514 1648; x_wconf 86' lang='lat' dir='ltr'>du-</span> 
     </span>
     <span class='ocr_line' id='line_1_25' title="bbox 212 1660 1516 1717; baseline 0.003 -12"><span class='ocrx_word' id='word_1_218' title='bbox 212 1675 315 1705; x_wconf 83' lang='lat' dir='ltr'>rante</span> <span class='ocrx_word' id='word_1_219' title='bbox 344 1660 484 1703; x_wconf 86' lang='lat' dir='ltr'>fusione</span> <span class='ocrx_word' id='word_1_220' title='bbox 502 1695 514 1714; x_wconf 87' lang='lat'>,</span> <span class='ocrx_word' id='word_1_221' title='bbox 547 1675 662 1716; x_wconf 80' lang='lat' dir='ltr'>poros</span> <span class='ocrx_word' id='word_1_222' title='bbox 691 1662 833 1704; x_wconf 84' lang='lat' dir='ltr'>metalli</span> <span class='ocrx_word' id='word_1_223' title='bbox 865 1664 1007 1704; x_wconf 78' lang='lat' dir='ltr'>rarioris</span> <span class='ocrx_word' id='word_1_224' title='bbox 1025 1696 1035 1715; x_wconf 83' lang='lat'>,</span> <span class='ocrx_word' id='word_1_225' title='bbox 1069 1666 1119 1704; x_wconf 84' lang='lat' dir='ltr'>ita</span> <span class='ocrx_word' id='word_1_226' title='bbox 1152 1673 1282 1704; x_wconf 84' lang='lat' dir='ltr'>tamen</span> <span class='ocrx_word' id='word_1_227' title='bbox 1299 1698 1311 1717; x_wconf 86' lang='lat'>,</span> <span class='ocrx_word' id='word_1_228' title='bbox 1343 1677 1388 1708; x_wconf 86' lang='lat' dir='ltr'>vt</span> <span class='ocrx_word' id='word_1_229' title='bbox 1403 1670 1516 1712; x_wconf 83' lang='lat' dir='ltr'>exin-</span> 
     </span>
     <span class='ocr_line' id='line_1_26' title="bbox 214 1725 1515 1783; baseline 0.006 -16"><span class='ocrx_word' id='word_1_230' title='bbox 214 1727 262 1767; x_wconf 90' lang='lat' dir='ltr'>de</span> <span class='ocrx_word' id='word_1_231' title='bbox 294 1725 403 1766; x_wconf 89' lang='lat' dir='ltr'>huius</span> <span class='ocrx_word' id='word_1_232' title='bbox 434 1725 618 1767; x_wconf 82' lang='lat' dir='ltr'>volu-men</span> <span class='ocrx_word' id='word_1_233' title='bbox 651 1738 729 1766; x_wconf 91' lang='lat' dir='ltr'>non</span> <span class='ocrx_word' id='word_1_234' title='bbox 759 1735 933 1779; x_wconf 81' lang='lat' dir='ltr'>augeatur</span> <span class='ocrx_word' id='word_1_235' title='bbox 950 1760 961 1777; x_wconf 92' lang='lat'>,</span> <span class='ocrx_word' id='word_1_236' title='bbox 1002 1726 1061 1768; x_wconf 90' lang='lat' dir='ltr'>sed</span> <span class='ocrx_word' id='word_1_237' title='bbox 1091 1738 1242 1780; x_wconf 84' lang='lat' dir='ltr'>accepta</span> <span class='ocrx_word' id='word_1_238' title='bbox 1290 1732 1515 1783; x_wconf 83' lang='lat' dir='ltr'>pondusciila</span> 
     </span>
     <span class='ocr_line' id='line_1_27' title="bbox 211 1787 1509 1840; baseline 0.006 -10"><span class='ocrx_word' id='word_1_239' title='bbox 211 1789 324 1830; x_wconf 90' lang='lat' dir='ltr'>libere</span> <span class='ocrx_word' id='word_1_240' title='bbox 345 1817 356 1832; x_wconf 88' lang='lat'><em>,</em></span> <span class='ocrx_word' id='word_1_241' title='bbox 402 1797 440 1828; x_wconf 87' lang='lat' dir='ltr'>et</span> <span class='ocrx_word' id='word_1_242' title='bbox 469 1787 543 1828; x_wconf 89' lang='lat' dir='ltr'>fine</span> <span class='ocrx_word' id='word_1_243' title='bbox 570 1788 686 1829; x_wconf 66' lang='lat' dir='ltr'>fasta</span> <span class='ocrx_word' id='word_1_244' title='bbox 735 1789 951 1829; x_wconf 84' lang='lat' dir='ltr'>extensione</span> <span class='ocrx_word' id='word_1_245' title='bbox 985 1789 1062 1840; x_wconf 85' lang='lat' dir='ltr'>sui,</span> <span class='ocrx_word' id='word_1_246' title='bbox 1096 1791 1191 1830; x_wconf 82' lang='lat' dir='ltr'>intra</span> <span class='ocrx_word' id='word_1_247' title='bbox 1221 1790 1256 1830; x_wconf 91' lang='lat' dir='ltr'>se</span> <span class='ocrx_word' id='word_1_248' title='bbox 1303 1796 1509 1838; x_wconf 83' lang='lat' dir='ltr'>contineat.</span> 
     </span>
     <span class='ocr_line' id='line_1_28' title="bbox 213 1850 1510 1913; baseline 0.004 -20"><span class='ocrx_word' id='word_1_249' title='bbox 213 1850 296 1893; x_wconf 92' lang='lat' dir='ltr'>Sint</span> <span class='ocrx_word' id='word_1_250' title='bbox 326 1850 437 1903; x_wconf 85' lang='lat' dir='ltr'>igitur</span> <span class='ocrx_word' id='word_1_251' title='bbox 467 1851 589 1891; x_wconf 91' lang='lat' dir='ltr'>denuo</span> <span class='ocrx_word' id='word_1_252' title='bbox 638 1852 792 1891; x_wconf 83' lang='lat' dir='ltr'>eaedem</span> <span class='ocrx_word' id='word_1_253' title='bbox 843 1852 1198 1904; x_wconf 85' lang='lat' dir='ltr'>denominationes,</span> <span class='ocrx_word' id='word_1_254' title='bbox 1246 1867 1339 1906; x_wconf 79' lang='lat' dir='ltr'>quae</span> <span class='ocrx_word' id='word_1_255' title='bbox 1388 1869 1510 1913; x_wconf 75' lang='lat' dir='ltr'>ante3</span> 
     </span>
     <span class='ocr_line' id='line_1_29' title="bbox 211 1913 1514 1969; baseline 0.002 -15"><span class='ocrx_word' id='word_1_256' title='bbox 211 1925 322 1967; x_wconf 84' lang='lat' dir='ltr'>atque</span> <span class='ocrx_word' id='word_1_257' title='bbox 355 1913 498 1968; x_wconf 89' lang='lat' dir='ltr'>insuper</span> <span class='ocrx_word' id='word_1_258' title='bbox 546 1914 609 1954; x_wconf 83' lang='lat' dir='ltr'>illa</span> <span class='ocrx_word' id='word_1_259' title='bbox 650 1915 779 1968; x_wconf 91' lang='lat' dir='ltr'>portio</span> <span class='ocrx_word' id='word_1_260' title='bbox 819 1914 963 1954; x_wconf 86' lang='lat' dir='ltr'>metalli</span> <span class='ocrx_word' id='word_1_261' title='bbox 996 1915 1167 1954; x_wconf 75' lang='lat' dir='ltr'>densioris</span> <span class='ocrx_word' id='word_1_262' title='bbox 1187 1946 1199 1966; x_wconf 87' lang='lat'>‚</span> <span class='ocrx_word' id='word_1_263' title='bbox 1243 1929 1334 1969; x_wconf 85' lang='lat' dir='ltr'>quae</span> <span class='ocrx_word' id='word_1_264' title='bbox 1366 1922 1514 1963; x_wconf 74' lang='lat' dir='ltr'>rarioris</span> 
     </span>
     <span class='ocr_line' id='line_1_30' title="bbox 216 1976 1514 2031; baseline 0.007 -15"><span class='ocrx_word' id='word_1_265' title='bbox 216 1989 332 2031; x_wconf 88' lang='lat' dir='ltr'>poros</span> <span class='ocrx_word' id='word_1_266' title='bbox 362 1976 513 2030; x_wconf 79' lang='lat' dir='ltr'>ingreffii</span> <span class='ocrx_word' id='word_1_267' title='bbox 547 1977 598 2016; x_wconf 89' lang='lat' dir='ltr'>est</span> <span class='ocrx_word' id='word_1_268' title='bbox 619 2009 628 2027; x_wconf 87' lang='lat'>‚</span> <span class='ocrx_word' id='word_1_269' title='bbox 663 1977 705 2017; x_wconf 90' lang='lat' dir='ltr'>sit</span> <span class='ocrx_word' id='word_1_270' title='bbox 724 1990 778 2017; x_wconf 74' lang='lat' dir='ltr'><em>z</em></span> <span class='ocrx_word' id='word_1_271' title='bbox 796 1990 820 2016; x_wconf 83' lang='grc' dir='ltr'><strong><em>α</em></strong></span> <span class='ocrx_word' id='word_1_272' title='bbox 841 1990 853 2029; x_wconf 75' lang='grc'><strong>;</strong></span> <span class='ocrx_word' id='word_1_273' title='bbox 888 1978 957 2016; x_wconf 89' lang='lat' dir='ltr'>erit</span> <span class='ocrx_word' id='word_1_274' title='bbox 982 1978 1092 2029; x_wconf 86' lang='lat' dir='ltr'>igitur</span> <span class='ocrx_word' id='word_1_275' title='bbox 1116 1980 1191 2018; x_wconf 81' lang='lat' dir='ltr'>iam</span> <span class='ocrx_word' id='word_1_276' title='bbox 1211 1981 1378 2022; x_wconf 88' lang='lat' dir='ltr'>mixtum</span> <span class='ocrx_word' id='word_1_277' title='bbox 1398 1997 1514 2025; x_wconf 82' lang='lat' dir='ltr'>com-</span> 
     </span>
     <span class='ocr_line' id='line_1_31' title="bbox 214 2039 1515 2095; baseline -0.001 -15"><span class='ocrx_word' id='word_1_278' title='bbox 214 2040 377 2095; x_wconf 81' lang='lat' dir='ltr'>positum</span> <span class='ocrx_word' id='word_1_279' title='bbox 407 2051 459 2080; x_wconf 81' lang='lat' dir='ltr'>ex</span> <span class='ocrx_word' id='word_1_280' title='bbox 491 2039 644 2081; x_wconf 82' lang='lat' dir='ltr'>metallo</span> <span class='ocrx_word' id='word_1_281' title='bbox 676 2040 865 2090; x_wconf 78' lang='lat' dir='ltr'>densiori,</span> <span class='ocrx_word' id='word_1_282' title='bbox 906 2041 1005 2081; x_wconf 80' lang='lat' dir='ltr'>cuius</span> <span class='ocrx_word' id='word_1_283' title='bbox 1037 2041 1182 2095; x_wconf 89' lang='lat' dir='ltr'>pondus</span> <span class='ocrx_word' id='word_1_284' title='bbox 1208 2055 1265 2081; x_wconf 63' lang='grc' dir='ltr'>τ..</span> <span class='ocrx_word' id='word_1_285' title='bbox 1283 2043 1410 2086; x_wconf 80' lang='grc' dir='ltr'><em>Ρ-οι</em></span> <span class='ocrx_word' id='word_1_286' title='bbox 1443 2060 1515 2087; x_wconf 83' lang='grc' dir='ltr'>νο-</span> 
     </span>
    </p>
   </div>
   <div class='ocr_carea' id='block_1_5' title="bbox 786 2102 1516 2155">
    <p class='ocr_par' dir='ltr' id='par_1_6' title="bbox 786 2102 1516 2155">
     <span class='ocr_line' id='line_1_32' title="bbox 786 2102 1516 2155; baseline 0.012 -13"><span class='ocrx_word' id='word_1_287' title='bbox 786 2102 820 2142; x_wconf 93' lang='lat' dir='ltr'>L</span> <span class='ocrx_word' id='word_1_288' title='bbox 854 2102 864 2143; x_wconf 86' lang='lat'>1</span> <span class='ocrx_word' id='word_1_289' title='bbox 897 2116 921 2155; x_wconf 79' lang='lat'><strong>3</strong></span> <span class='ocrx_word' id='word_1_290' title='bbox 1387 2109 1516 2151; x_wconf 85' lang='lat' dir='ltr'>lumen</span> 
     </span>
    </p>
   </div>
  </div>
 </body>
</html>
