2020 2668
510 106 598 142 226
665 102 747 144 DE
765 99 887 146 CAL.
913 100 992 145 AC
1007 100 1154 144 FRIG.
1177 101 1389 146 EXPER.
1410 101 1597 147 VARIA
1613 103 1824 150 FACTA.

505 224 590 255 tum
625 227 758 256 meum
793 217 941 270 optime
971 215 1196 257 confirmare
1231 216 1391 257 videtur.
1458 217 1569 271 Aqua
1603 219 1707 260 enim
1727 232 1748 260 a
1768 217 1834 260 fri-

503 290 597 332 gore
630 280 707 320 iam
744 290 937 334 penetrata
957 313 966 331 ,
998 291 1036 320 ct
1070 282 1108 320 iu
1143 279 1274 321 limine
1307 280 1404 334 quasi
1438 280 1572 334 glaciei
1604 283 1828 334 consistens,

502 342 657 383 modica
690 343 910 384 extensione
944 356 1040 397 opus
1071 343 1188 385 habet
1210 375 1222 394 ,
1257 354 1297 384 ιτ
1330 345 1518 397 primitias
1556 346 1830 400 congelationis

502 404 669 458 referat3
706 406 781 447 hoc
813 406 1040 448 extensionis
1088 407 1387 461 iiipplementum
1440 409 1561 462 largiri
1605 410 1673 463 ipsi
1707 408 1831 462 potest

504 468 607 508 calor
642 468 764 510 subito
796 469 944 524 aliapliis
963 503 973 522 ,
1008 472 1071 525 qui
1101 472 1210 513 citius
1251 472 1560 525 congelationem
1615 472 1736 514 efficit
1766 472 1833 514 di-

502 531 657 572 latando
677 561 691 581 ‚
722 546 836 587 quam
869 533 1118 575 calefiiciendo
1163 535 1210 575 ad
1245 534 1379 576 statum
1429 536 1611 589 liquidum
1661 546 1830 578 reuocat.

501 595 678 649 Apparet
711 597 866 650 quidem
908 598 1143 650 paradoxum
1187 599 1351 639 omnino
1370 631 1381 651 ,
1431 599 1553 640 calore
1604 599 1827 654 promoueri

500 660 837 712 congelationem:
873 661 930 701 led
965 662 1154 715 permittit
1187 661 1263 702 hoc
1296 672 1426 703 natum
1460 674 1576 717 aquae
1609 664 1796 717 singularis
1818 695 1835 716 ,

503 732 640 776 vtpote
671 737 766 778 quae
800 737 820 765 a
854 724 946 765 statu
978 725 1207 766 intermedio
1225 758 1236 777 ,
1285 726 1348 779 qui
1382 738 1523 780 nempe
1575 727 1830 780 congelationi

505 788 709 840 proximus
741 788 792 829 est
812 819 825 840 ‚
860 789 1032 843 vtrinque
1065 789 1259 830 volumine
1291 790 1354 830 suo
1386 789 1554 831 increscit
1574 822 1586 843 ‚
1622 791 1719 833 illinc
1739 823 1750 842 ,
1785 791 1834 832 ad

503 850 746 892 ebiilltionem
790 864 903 905 vsque
923 884 934 903 ‚
984 862 1136 906 augetur
1183 854 1390 895 voluminis
1422 852 1470 895 sui
1506 866 1611 908 parte
1646 859 1682 902 δ’,
1702 887 1713 907 ,
1748 855 1828 896 vid.

505 911 637 954 Celeb.
689 911 1024 969 liiiffihetibroekii
1074 916 1191 957 elem.
1246 916 1355 970 phys.
1410 917 1594 972 §.5153
1640 918 1726 958 hinc
1763 930 1832 971 per

502 978 734 1031 gelatioiicm
768 979 869 1020 idem
906 979 1088 1019 volumen
1121 980 1258 1020 iterum
1291 982 1575 1022 incrementum
1607 982 1710 1034 capit
1744 993 1831 1035 par-

505 1050 543 1090 te
576 1048 590 1088 ἦ
626 1041 834 1083 voluminis
851 1075 862 1094 ,
893 1043 992 1096 quod
1023 1055 1075 1082 ex
1107 1043 1249 1096 vulgari
1282 1045 1529 1098 proportione
1570 1044 1760 1086 densitatis
1789 1056 1830 1086 a·

502 1117 597 1160 quae
629 1104 784 1158 frigidae
815 1107 863 1147 ad
896 1105 1116 1147 densitatem
1150 1107 1280 1158 glaciei
1323 1108 1378 1148 vti
1418 1113 1440 1149 8
1475 1108 1522 1148 ad
1559 1122 1586 1159 9
1638 1107 1831 1161 consequi-

505 1179 596 1220 tur3
633 1178 676 1207 vt
711 1168 821 1220 igitur
851 1181 945 1223 aqua
974 1169 1231 1222 congelationi
1263 1171 1445 1223 proxima
1477 1171 1685 1211 minimum
1718 1169 1830 1211 volu-

502 1233 617 1276 minis
649 1230 786 1273 habere
818 1231 994 1273 censenda
1035 1232 1093 1273 sit.
1169 1232 1356 1288 Quicquid
1407 1234 1517 1287 igitur
1566 1233 1831 1276 extensionem

500 1309 617 1353 aquae
652 1299 688 1339 in
741 1297 834 1337 statii
867 1296 1098 1338 intermedio
1139 1296 1281 1350 positae
1313 1307 1549 1351 promouet:
1601 1297 1722 1352 potest
1754 1299 1831 1340 eius

500 1364 619 1404 etiam
651 1361 990 1413 conglaciationem
1025 1372 1285 1413 promoiicre3
1321 1361 1395 1402 siue
1427 1373 1493 1414 per
1525 1361 1695 1402 calorem
1735 1362 1829 1404 iubi-

504 1437 656 1468 tancum
689 1425 909 1466 affluentem
942 1425 981 1466 id
1017 1423 1108 1474 fiat,
1143 1423 1215 1464 siue
1246 1436 1313 1477 per
1351 1424 1463 1465 aliam
1495 1425 1669 1466 cauffiim.

621 1489 657 1538 §.
682 1501 722 1535 9.
758 1489 810 1529 Vi
842 1501 959 1543 aquae
992 1487 1030 1527 in
1063 1486 1226 1540 glaciem
1260 1489 1428 1529 abeuntis
1445 1487 1689 1542 diffregerunt
1719 1489 1827 1532 Aca-

502 1553 636 1595 demici
668 1552 863 1606 florenti-ri
902 1552 997 1593 olim
1033 1550 1116 1591 vasa
1147 1550 1284 1591 -variae
1317 1550 1457 1605 figurae
1475 1585 1486 1604 ,
1519 1562 1723 1606 argentea,
1765 1566 1832 1595 cu·

504 1630 595 1671 prea
614 1650 624 1669 ,
657 1629 766 1659 aurea
786 1650 797 1669 ‚
832 1618 978 1668 vitrea,
1011 1615 1222 1656 orichalcea
1254 1625 1292 1654 ct
1326 1614 1439 1656 serre-a
1459 1648 1470 1668 ,
1501 1616 1550 1657 de
1591 1616 1720 1670 quibus
1752 1617 1828 1670 legi

506 1681 656 1734 poss‘unt
694 1684 964 1737 experimenta
1014 1679 1230 1722 academiae
1273 1678 1335 1719 dcl
1362 1677 1539 1723 Cimento.
1608 1679 1772 1721 Eadem.
1791 1680 1831 1722 vi

505 1755 550 1785 vt
582 1746 876 1801 disrumperetur
909 1745 1015 1786 tubus
1047 1744 1180 1785 ferreus
1200 1775 1211 1794 ,
1244 1742 1539 1785 bombardanim
1572 1741 1649 1784 xsui
1677 1743 1829 1785 adhibe·

505 1809 537 1849 ri
576 1810 698 1851 solitus
717 1842 727 1862 ,
760 1810 961 1852 effecerunt
992 1806 1226 1867 Christianus
1258 1806 1446 1861 Hugenius
1475 1820 1576 1848 anno
1615 1810 1730 1856 ¹667
1753 1840 1763 1860 ,
1790 1817 1831 1848 et

506 1873 590 1924 post
623 1886 710 1914 cum
746 1874 884 1916 Parisiis
916 1872 1094 1925 Buottus,
1128 1883 1231 1912 anno
1267 1876 1382 1920 1670
1405 1906 1415 1925 ,
1447 1872 1676 1925 tandemque
1709 1871 1829 1911 etiam

504 1931 626 1988 Israel
655 1935 852 1990 conradi,
894 1937 1058 1980 medicus
1106 1935 1318 1992 gedancnsis
1351 1947 1452 1977 anno
1483 1937 1614 1983 1677.
1682 1934 1828 1974 Tenta-

507 2000 551 2040 vi
584 2001 692 2053 igitur
723 2011 760 2042 et
793 2014 868 2055 ego
900 2003 1004 2043 idem
1038 2001 1218 2055 perficere
1254 1997 1486 2053 sequentibus
1535 1998 1828 2040 circumstantiis.

506 2060 609 2121 Cepi
642 2064 756 2107 talem
791 2067 925 2108 tubum
959 2067 1121 2108 ferreum
1142 2097 1154 2118 ‚
1196 2063 1430 2106 bombardae
1469 2062 1692 2105 destimtum
1713 2094 1756 2169 ,f
1771 2060 1831 2102 sed

535 2144 540 2153 a
1746 2137 1829 2168 ora-
