2020 2668
306 95 386 137 DE
415 90 502 136 PIT
502 91 636 136 VITA
666 87 994 135 GLVTINOSA
1035 86 1328 135 LARYNGIS.
1395 102 1483 144 209

192 219 273 247 rem
351 204 532 261 Quamuis
564 204 674 258 igitur
704 205 814 244 totius
837 203 939 243 *anni
967 200 1088 257 spatio
1135 202 1268 257 absque
1304 201 1384 243 vllo
1416 214 1484 255 pu-

192 270 340 308 tredinis
371 278 432 309 aut
465 267 751 307 efferuescentiae
782 265 885 319 figno
916 267 1071 306 notabili
1088 297 1100 318 ,
1152 265 1250 319 quod
1288 275 1350 305 aut
1382 275 1487 305 nares

192 330 314 372 feriret
345 340 405 370 aut
436 329 548 370 oculis
578 329 831 369 discerneretur
851 359 861 379 ,
892 328 1133 369 consisteret:
1167 340 1245 368 non
1263 338 1387 369 tamen
1405 327 1486 380 pla-

194 406 239 433 ne
276 396 406 434 eadem
455 391 666 444 permanfit.
741 391 794 431 Et
825 391 977 445 quidem
1012 392 1141 445 primo
1161 424 1172 443 ,
1203 391 1488 444 quotiescunque

194 468 289 496 noua
317 455 459 495 additio
492 453 629 505 fiebat,
678 466 810 494 omnes
859 453 1011 506 pituitae
1061 455 1179 507 glomi
1217 463 1255 493 et
1286 451 1485 493 monticuli

194 528 321 558 tamen
353 517 435 571 post
465 516 602 569 aliquot
634 516 740 557 horas
769 518 809 556 in
838 516 1065 569 aequabilem
1116 516 1324 571 planitiem·
1340 513 1490 556 difflue-

195 582 294 621 bant.
359 579 463 619 Tum
497 591 609 630 vero,
640 580 791 620 ceffimte
823 579 1067 631 collectione,
1098 579 1246 633 superna
1279 576 1492 632 superficies

195 642 383 697 paullatim
418 643 455 681 iu
491 642 619 681 duram
650 643 803 682 crustam
835 641 998 694 inaruit3
1030 643 1169 695 reliqua
1214 650 1342 682 autem
1375 636 1494 681 maffa

189 718 274 745 *non
308 706 473 745 indurata
505 706 540 744 in
576 703 750 744 volumen
785 705 908 744 minus
937 705 1126 745 contrac‘ta
1160 705 1288 745 ae'rem
1337 712 1493 744 conten-

196 777 278 807 tum
312 769 348 807 in
382 778 497 806 vnum
528 765 685 818 spatium
720 767 887 806 medium
924 769 1080 820 co'e'git,
1128 776 1168 806 et
1199 766 1326 806 amissa
1376 763 1494 805 tenaci

196 830 440 882 glutinolitate
471 828 528 868 sua
558 829 598 866 in
629 828 784 867 crafl'am
803 860 814 879 ,
846 827 1036 868 mucofam
1056 859 1067 878 ,
1084 827 1342 882 pultiformem
1361 859 1373 878 ‚
1400 838 1491 879 opa-

195 904 279 931 cam
299 923 309 942 ,
342 891 541 930 subflauam
579 891 772 929 materiam
806 889 963 942 granulis
994 890 1085 929 albis
1103 921 1114 939 ,
1146 889 1380 940 duriusculis,
1405 888 1496 928 fria-

197 953 328 992 bilibus
360 951 609 1005 interspersum
644 952 792 991 transiit.
870 951 985 991 Huius
1018 952 1189 992 materiae
1222 951 1349 1005 portio
1375 960 1493 991 retor-

197 1025 257 1054 tae
288 1017 399 1055 indita
419 1047 429 1066 ,
461 1024 499 1054 et
532 1014 700 1053 examini
732 1014 824 1067 ignis
855 1014 1013 1055 subiecta
1032 1046 1043 1064 ,
1077 1014 1115 1054 in
1149 1026 1311 1068 paucum
1348 1013 1494 1053 salvo-

198 1077 297 1117 latile
328 1088 368 1117 et
398 1077 523 1116 oleum
555 1077 774 1117 acerrimum
793 1109 803 1128 ,
837 1076 1055 1116 intolerabili
1088 1076 1227 1116 foetore
1262 1076 1344 1116 olea
1375 1088 1424 1115 ex
1442 1073 1491 1115 C.

199 1137 246 1179 C.
278 1149 402 1193 parata
434 1139 544 1191 longe
582 1139 748 1190 superans
779 1148 817 1178 et
852 1138 1061 1191 phlegmati
1112 1139 1278 1192 plurimo
1324 1139 1498 1191 superna.

200 1212 279 1242 tans
310 1201 461 1242 resoluta
490 1201 554 1241 est.
623 1201 710 1241 Alia
745 1203 868 1252 portio
897 1214 946 1241 ex
975 1201 1133 1254 granulis
1164 1200 1255 1241 iblis
1286 1200 1376 1240 albis
1425 1212 1498 1253 po-

201 1264 379 1305 tissimum
413 1263 579 1304 constans
610 1276 678 1316 per
707 1262 858 1303 affusam
891 1276 1024 1317 aquam
1058 1272 1096 1303 et
1127 1264 1294 1316 quietem
1337 1263 1383 1303 ad
1415 1274 1498 1303 ma-

201 1329 323 1368 iorem
374 1325 690 1380 putrefiistionem
746 1326 874 1366 euec‘ta
905 1327 943 1365 in
979 1338 1130 1365 mucum
1164 1326 1356 1365 sebaceum
1404 1338 1498 1379 aqua

202 1402 280 1431 non
307 1389 497 1429 solubilem
531 1389 652 1442 abiit;
685 1389 723 1428 in
754 1388 880 1441 patina
912 1397 1037 1428 autem
1070 1387 1179 1428 ferrea
1199 1388 1321 1440 prunis
1340 1388 1497 1427 canden-

202 1453 298 1492 tibus
329 1452 501 1504 imposita
520 1481 532 1501 ‚
567 1459 761 1503 euaporata
793 1451 1016 1491 humiditate
1051 1460 1090 1489 et
1121 1450 1294 1503 proiectis
1329 1450 1498 1503 plurimis

207 1515 311 1555 bullis
348 1515 461 1554 a'e‘reis
509 1515 547 1554 in
578 1512 778 1566 squamulas
807 1512 915 1553 fuscas
933 1547 943 1565 ,
978 1513 1240 1566 pulueruleutas
1271 1512 1374 1552 nullo
1393 1512 1497 1564 sapo-

202 1590 243 1618 re
277 1577 454 1631 praeditas
484 1577 627 1616 exaruit
645 1609 655 1627 ,
688 1575 823 1616 relictis
854 1577 893 1617 in
911 1578 1005 1616 ferro
1037 1576 1192 1616 maculis
1208 1575 1255 1616 de
1272 1575 1391 1615 tenaci
1408 1586 1497 1615 cum

203 1641 301 1681 ferro
332 1639 552 1679 cohaefione
584 1639 807 1678 testantibus.

319 1701 352 1748 §.
375 1704 416 1740 6.
453 1701 516 1740 Ex
549 1700 664 1740 allatis
694 1698 753 1753 (ξ.
778 1699 841 1755 ς.)
874 1700 1180 1741 obstruationibus
1208 1712 1286 1740 non
1317 1698 1433 1739 solum
1461 1699 1499 1739 in

204 1775 339 1816 genere
369 1763 522 1816 pituitae
555 1762 658 1802 liuius
690 1774 815 1802 natura
845 1763 1012 1803 elucescit
1032 1794 1042 1813 ,
1075 1763 1131 1803 sed
1172 1765 1288 1803 etiam
1327 1761 1498 1802 differen-

207 1828 281 1864 tiae
312 1826 332 1873 §
384 1836 407 1873 3
463 1825 592 1864 allatae
624 1825 771 1865 vlterius
803 1827 1101 1878 comprobantur.
1166 1825 1310 1866 Differt
1341 1824 1444 1864 enim
1477 1835 1500 1865 a

208 1900 299 1942 pure
331 1888 382 1927 ob
417 1888 546 1927 statum
580 1887 679 1927 suum
713 1889 974 1940 incorruptum
1005 1899 1044 1928 et
1077 1888 1229 1929 foetoris
1262 1887 1497 1939 abl'entiam3

206 1949 331 1990 differt
370 1962 459 1990 vero
496 1950 610 1990 etiam
661 1950 712 1991 ob
742 1950 898 1990 eandem
948 1952 1193 2005 corruptionis
1236 1949 1498 1991 difficultatem

208 2022 248 2052 et
288 2012 420 2065 saporis
449 2012 486 2053 in
526 2012 670 2054 vstione
709 2012 894 2054 defectum
945 2026 1055 2066 quam
1105 2014 1275 2056 maxime
1306 2025 1329 2054 a
1359 2011 1498 2062 saliua3

272 2075 373 2117 Tom.
406 2074 536 2117 XIV.
866 2074 908 2115 D
940 2075 965 2116 d
1407 2073 1500 2113 hanc
