2020 2668
527 123 618 170 με
933 111 1108 159 NVMI
1139 109 1378 158 TRAJANJ

526 230 621 271 inter
653 228 748 270 laem
781 233 818 267 et
850 224 1060 268 honorifica
1079 259 1090 278 ,
1138 235 1318 280 quantum
1361 227 1538 278 constat,
1588 236 1713 269 totum
1747 240 1843 270 con·

526 293 681 334 fiimsit:
711 290 808 332 nulla
844 300 885 330 vt
919 291 1074 344 cogitari
1107 301 1169 330 aut
1199 291 1349 332 indicari
1381 290 1492 345 poffit
1523 292 1587 332 vel
1618 292 1765 345 publica
1784 293 1843 334 vel

523 357 668 411 priuata
699 355 890 396 calamitas
909 386 919 406 ,
952 365 1046 408 quae
1077 353 1194 394 lue'tus
1226 354 1328 408 signa
1362 356 1572 408 requireret.

639 419 755 460 Forte
796 416 898 459 Dlo
949 415 1167 458 CASSIVS
1188 450 1198 469 ,
1239 418 1300 471 qui
1353 418 1579 460 Hadrianum
1629 418 1841 471 Augustum

522 483 695 537 primum
729 481 826 523 fuisse
858 482 968 522 docet
989 512 1001 532 ,
1043 481 1102 520 cui
1134 481 1288 522 barbam
1341 482 1481 522 nutrire
1514 481 1635 521 visum
1672 481 1715 522 fit
1736 514 1746 533 ,
1785 483 1844 523 ni-

525 546 650 587 miam
684 546 784 600 apud
814 545 960 598 aliquos
1004 545 1294 585 venerationem
1334 554 1372 585 et
1405 544 1524 585 fidem
1574 543 1637 584 suo
1669 544 1745 584 hoc
1775 546 1841 586 ad-

522 609 619 649 serto
654 609 807 650 meruit.
870 608 972 648 Vere
1004 607 1107 647 enim
1141 608 1258 647 video
1289 608 1462 661 aliquos,
1512 609 1574 662 qui
1606 608 1841 649 Hadrianum

523 685 733 727 numquam
765 684 843 712 non
878 671 1079 712 barbatum
1114 670 1331 711 exhibent:
1366 683 1488 724 quum
1522 682 1588 711 me
1608 671 1685 711 vsus
1702 671 1842 711 docue-

524 737 594 789 rit,
621 737 691 777 vix
724 736 944 777 vicesimum
964 746 1152 788 quemque
1181 734 1362 775 Hadriani
1396 747 1560 775 numum
1594 746 1683 775 vere
1713 735 1841 775 barba·

523 810 606 841 tum
639 800 848 852 obtingere.
918 799 1065 838 Annon
1097 799 1187 839 iusta
1218 798 1260 839 sit
1292 797 1445 851 suspicio
1465 831 1475 849 ,
1510 798 1611 851 quod
1645 798 1681 838 in
1716 798 1843 852 impe-

523 864 704 904 tatoribus
735 862 855 916 ipsum
891 861 1102 915 praegressis
1132 862 1288 903 barbam
1322 862 1478 902 obuiam
1518 860 1627 915 (iicpe
1665 860 1845 915 neglexe-

524 927 630 978 fint,
663 927 724 980 qui
758 927 984 966 nunissnuua
1015 925 1249 967 dennearunt
1283 934 1345 966 aut
1378 925 1595 966 denneanda
1627 925 1842 978 dederunt;

525 989 587 1030 vel
621 991 717 1029 inter
749 988 928 1042 suspectos
961 997 999 1026 et
1031 989 1275 1042 apocryphos
1306 990 1538 1041 reposuerint
1569 988 1689 1039 tales3
1741 978 1860 1026 deci-'

523 1052 691 1094 dendum
724 1052 794 1092 illis
822 1052 992 1104 relinquo
1011 1083 1021 1102 ,
1054 1052 1217 1104 quirem
1236 1052 1543 1092 numismaticam
1580 1063 1656 1090 non
1690 1061 1740 1089 cx
1766 1051 1841 1089 cle-

522 1114 695 1168 gantibus
726 1114 857 1154 tabulis
888 1113 1046 1153 tractare
1075 1114 1156 1153 satis
1187 1115 1327 1156 ducunt
1343 1145 1357 1169 ,
1398 1114 1458 1157 sed
1491 1113 1587 1171 ipsos
1617 1124 1842 1168 comparare

524 1189 568 1218 ac
599 1178 755 1219 tractare
786 1187 921 1217 numos
958 1175 1213 1220 adsueuenmt.

1679 2146 1850 2192 GALE-
