2020 2668
514 98 609 140 374
892 89 936 130 N
939 89 1017 131 EA
1021 87 1316 131 POLITARV
1317 89 1369 131 M
1374 118 1386 130 .

507 204 610 246 hunc
642 201 758 243 etiam
792 201 924 252 accepi
944 199 1097 243 'eodem
1133 213 1348 256 tempore:
1383 202 1551 257 adeoque
1597 203 1667 258 ipsi
1699 200 1837 257 gratias

510 280 577 309 me
606 265 742 306 debere
776 265 924 320 publice
959 267 1166 320 profitendi
1198 267 1435 308 occafionem
1488 279 1567 309 non
1617 267 1746 324 putaui
1777 266 1837 307 di·

511 330 755 372 mittendam.

627 393 760 450 Quum
796 392 890 434 haec
935 393 1082 446 pridem
1129 393 1342 449 scripsissem
1366 426 1377 446 ,
1431 394 1625 449 ipfiimque
1673 405 1837 435 numum

513 458 645 500 amicis
678 457 724 497 ad
760 469 826 498 me
860 458 1096 498 venientibus
1136 459 1345 499 identidem
1389 459 1628 500 ostendissem
1650 488 1662 508 ‚
1713 457 1845 499 allatis

513 523 558 562 ad
594 533 660 561 me
694 520 762 561 fuit
795 533 816 561 a
848 519 994 561 curioso
1026 534 1232 562 mimorum
1268 522 1527 576 inuestigatore
1559 525 1689 576 aliquis
1720 521 1839 563 Man-

514 596 643 625 tuanus
676 596 804 624 aereus
837 585 1048 624 admodum
1084 597 1211 626 recens
1231 619 1242 637 ,
1273 586 1374 626 cuius
1405 587 1559 627 alteram
1612 585 1747 626 faciem
1789 583 1842 625 sol

515 647 663 689 illustrat
697 658 735 687 et
752 647 1075 701 circumscriptum
1103 647 1230 691 CAR.
1250 648 1363 689 ΙΜΡ.
1385 649 1508 691 DVX
1529 649 1678 691 ΜΛΝ.
1706 659 1842 696 173¹·

515 713 554 752 in
589 712 703 752 altem
738 711 874 764 legitur
906 710 1091 753 SOLDO
1125 711 1185 754 Dl
1223 713 1528 755 MANTOVA.
1596 713 1682 754 Hoc
1701 713 1840 753 iudicio

516 775 696 815 excitatus
727 777 840 829 coepi
873 776 920 816 de
952 775 1060 817 huius
1090 778 1318 832 principatus
1351 778 1477 819 numis
1514 779 1680 831 amplius
1728 775 1843 830 dispi-

516 851 633 891 cere,
669 837 847 893 facileque
879 842 1042 893 cognoui
1076 840 1221 881 exstare
1265 841 1427 882 vnciales
1475 843 1591 882 eiiam
1613 873 1625 894 ‚
1676 839 1764 893 seu,
1799 847 1843 880 vt

520 903 620 955 loqui
655 901 767 942 [olent
788 935 798 953 ‚
834 903 998 943 scutatos·
1023 917 1043 944 a
1081 904 1258 946 Mantuae
1298 905 1448 946 ducibus
1496 904 1626 957 cusos,
1678 906 1716 946 in
1749 915 1843 959 quo-

520 978 603 1006 rum
636 975 741 1017 parte
773 966 892 1006 auersa
927 965 978 1005 sol
1011 969 1211 1021 impressus
1243 969 1309 1008 est.

636 1028 774 1068 Pateor
806 1041 870 1068 me
891 1027 1028 1070 nescire
1061 1045 1080 1071 a
1112 1045 1225 1085 quam
1260 1032 1379 1084 longo
1411 1043 1590 1085 tempore
1611 1030 1766 1071 Mantua
1786 1030 1843 1072 so·

520 1092 564 1132 lis
595 1091 830 1131 emblemate
861 1092 900 1131 in
935 1091 1003 1132 suis
1035 1096 1160 1134 mimis
1190 1104 1328 1134 vtaitur.
1396 1094 1469 1135 Sed
1504 1095 1604 1148 quod
1647 1094 1847 1136 Mantuani

520 1155 644 1194 ciuem
666 1152 770 1193 suum
806 1155 994 1195 recensere
1026 1155 1142 1197 solent
1168 1169 1348 1210 magnum
1402 1157 1608 1198 Maronem
1633 1171 1644 1210 ·,
1681 1170 1758 1198 non
1789 1159 1849 1198 vi·

522 1219 599 1258 deo
630 1230 696 1256 cur
732 1218 983 1270 improbabile
1016 1219 1148 1260 ducam
1182 1221 1291 1261 alicui
1325 1219 1536 1261 Mantuano
1555 1222 1690 1261 venissc
1711 1223 1748 1261 in
1769 1224 1849 1262 ani-

523 1293 632 1322 mum
668 1282 837 1333 cogitare
867 1295 978 1335 quam
1016 1295 1177 1337 aequum
1213 1284 1256 1324 sit
1292 1294 1370 1325 tam
1405 1284 1623 1325 honorifico
1654 1285 1734 1325 vibi
1769 1290 1847 1326 luae

523 1345 594 1385 ciui
625 1343 775 1397 aliquod
810 1357 1106 1387 monumentum
1141 1347 1320 1388 condere.

638 1407 794 1464 Quanto
827 1410 951 1463 itaque
982 1410 1103 1452 iustius
1121 1412 1165 1452 ad
1185 1411 1469 1465 Neapolitanos
1489 1442 1500 1460 ,
1535 1424 1647 1465 quam
1670 1412 1713 1452 ad
1736 1412 1848 1454 Man—

525 1481 657 1512 tuanos
689 1471 751 1511 hic
783 1485 918 1514 numus
950 1485 1166 1527 pertineat,
1199 1485 1236 1515 et
1268 1489 1315 1515 an
1350 1477 1514 1516 omnino
1547 1477 1592 1516 ad
1635 1477 1848 1519 alterutram

525 1537 660 1576 vibcm
695 1537 820 1576 referri
853 1538 1023 1591 debe-³13
1056 1551 1132 1592 quo
1165 1549 1344 1593 tempore
1365 1571 1374 1589 ,
1423 1552 1548 1593 quoue
1586 1539 1740 1579 consilio
1759 1572 1770 1587 ‚
1811 1550 1850 1581 et

526 1600 657 1654 quibus
705 1599 875 1654 auspiciis
906 1601 947 1642 sit
977 1601 1110 1654 cufim
1161 1613 1198 1642 et
1235 1616 1326 1656 quae
1360 1602 1439 1643 sunt
1473 1605 1541 1644 alia
1575 1605 1617 1643 ad
1669 1605 1847 1646 notitiam

527 1664 602 1703 eius
634 1661 787 1716 plenam
821 1663 906 1704 scitu
941 1663 1132 1706 nece'ffiria
1154 1699 1164 1717 ‚
1199 1667 1223 1707 si
1256 1668 1335 1720 quis
1366 1681 1454 1707 cum
1491 1669 1643 1722 publico
1675 1674 1850 1709 commu-

527 1729 649 1767 nicare
684 1728 806 1780 velit,
841 1727 979 1768 efficiet
1013 1741 1190 1784 nequem
1226 1730 1321 1771 forte
1358 1732 1438 1785 post
1473 1733 1619 1785 longius
1639 1743 1789 1787 tempus
1808 1733 1854 1774 il·

530 1790 562 1831 le
596 1791 657 1831 vel
688 1789 893 1845 suspensum
923 1802 1051 1834 teneat
1070 1826 1082 1847 ,
1116 1795 1177 1836 wl
1210 1795 1249 1835 in
1280 1808 1448 1837 errorem
1484 1797 1652 1838 deducat.

1738 2106 1852 2158 ‘Diz-
