2020 2668
505 116 596 157 2⁸0
607 112 688 157 DE
701 108 865 155 VERA
875 100 1202 152 SIGNIFICA'R
1215 101 1470 149 PROCESS.
1483 97 1742 145 MAMILL·
1752 107 1821 146 cee-

508 241 578 285 per
607 225 811 283 siphonem
843 222 1011 266 inflando
1043 219 1292 264 manifellass‘e.
1362 220 1482 262 Porro
1510 218 1572 260 alii
1590 215 1747 258 olfitehis
1763 228 1826 258 or-

509 304 605 348 gana
626 323 638 343 ,
670 290 730 330 vti
761 288 801 329 in
830 286 994 329 homine
1024 284 1105 327 sunt
1125 317 1137 339 ‚
1177 295 1218 326 et
1246 292 1478 339 agnouerunt
1498 313 1511 334 ‚
1551 292 1590 323 et
1630 280 1712 322 stitis
1741 280 1827 322 dili-

509 366 640 410 genter
674 351 968 406 descriplerunt:
1022 360 1150 392 tamen
1168 381 1180 402 ‚
1219 350 1305 404 quia
1344 359 1396 389 ex
1434 347 1601 401 ipsorum
1641 345 1828 402 opinione

509 418 715 460 caluariam
741 427 818 456 non
858 415 1089 457 excederent
1106 446 1118 467 ‚
1159 413 1255 454 iuter
1285 423 1489 453 neruorum
1524 411 1669 452 seriem·
1695 407 1829 449 teser-ne

510 495 589 524 non
621 479 697 523 ausi
734 480 846 532 sunt,
877 488 922 520 vt
962 477 1158 527 Velitum,
1205 474 1449 529 Columbus3
1482 474 1583 530 quod
1601 470 1829 514 tumeniam

315 561 377 590 ‘dc
394 559 481 591 mc.
513 557 602 587 ante
643 544 797 586 illorum
837 552 1016 598 tempora
1055 540 1298 596 Theophilus
1327 538 1624 594 Protospatarius
1641 570 1653 590 ,
1685 532 1720 567 ’ἢ
1759 535 1828 577 ne·

315 601 640 675 {¹¹²g‘gst·¹v·g1ecro
673 606 911 664 proceffuum
946 606 1103 647 nomine
1123 637 1135 657 ,
1175 603 1322 645 fecerat.
1406 602 1487 644 Alii
1536 601 1701 655 denique
1750 611 1830 640 non

333 665 342 675 ⁰
406 662 416 674 ’
515 683 641 715 totum
667 682 826 713 neruum
845 702 859 724 ,
889 669 950 711 sed
982 668 1256 710 tantummodo
1287 667 1575 708 extremitatem
1608 663 1833 706 eius-tumi-

514 737 640 780 dulam
660 767 672 789 ,
705 735 878 790 primum
919 746 940 775 a
971 731 1175 775 Columbo
1214 729 1645 784 indicatamwproceffiis
1672 726 1834 770 mamil-

517 802 601 843 laris
630 810 672 841 et
706 797 897 853 papiilaris
935 797 1094 838 nomine
1135 795 1313 850 insignire
1334 795 1555 837 ‘maluerunt
1574 826 1587 848 ,
1617 802 1661 834 vt
1685 791 1832 835 Veslin-

319 853 508 927 ἷζζῗῧζῑν
517 866 623 920 gius,
662 859 695 893 ³*
725 860 964 904 Bartholinns
981 890 993 912 ,
1026 859 1224 902 Willisns.
1467 859 1472 868 “
1516 875 1519 877 >

427 919 433 927 '
633 926 669 976 ς.
694 929 735 967 8.
774 924 842 966 Ex
880 924 941 966 his
985 923 1264 965 distensionibus
1310 924 1357 964 v't
1403 932 1673 977 emergamus:
1725 919 1836 960 liceat

518 1000 695 1036 mentem
736 988 907 1031 nostram
947 986 1075 1042 paullo
1113 986 1317 1027 distinetius
1359 997 1570 1040 exponere.
1651 982 1843 1025 Proceffus

522 1053 692 1107 Caleni,
722 1053 876 1107 quando
903 1052 1032 1092 trunio
1061 1049 1190 1091 ablato
1218 1049 1451 1105 aspectanmr
1470 1080 1483 1101 ‚
1531 1050 1569 1090 in
1608 1049 1725 1090 brutis
1760 1044 1841 1090 stint

520 1129 636 1160 verae
677 1115 948 1171 productiones
985 1113 1098 1168 ipsius
1134 1113 1277 1154 cerebri
1297 1145 1309 1166 ,
1349 1114 1387 1154 in
1419 1112 1530 1155 huius
1560 1112 1636 1155 basi
1666 1113 1845 1155 anteriori

520 1182 699 1223 caluariae
731 1178 987 1220 incumbentes
1004 1209 1016 1230 ,
1054 1189 1076 1217 a
1104 1175 1282 1218 loborum
1320 1175 1550 1218 anteriorum
1585 1177 1753 1231 apicibus
1783 1175 1845 1217 r‘e-

523 1245 608 1287 tusis
638 1242 830 1285 distinciae
846 1274 860 1295 ,
895 1250 935 1283 ct
966 1239 1059 1282 vltra
1089 1240 1162 1283 hos
1191 1241 1238 1282 ad
1272 1252 1316 1281 os
1348 1239 1583 1281 cribriforme
1624 1252 1741 1295 vsque
1774 1251 1842 1282 ex-

524 1307 748 1364 ροιτεᾶειο,
789 1305 828 1346 in
862 1304 988 1346 vitulis
1028 1313 1069 1345 et
1099 1304 1235 1346 ovibus
1271 1303 1542 1346 cmffitudincm
1577 1303 1685 1358 digiti
1714 1303 1847 1346 indicis

524 1382 721 1426 aequantes
739 1403 751 1422 ,
783 1367 978 1411 substantia
1010 1369 1204 1410 medullari
1235 1377 1273 1408 et
1304 1368 1471 1410 conicali
1494 1367 1716 1409 ansmauosa
1740 1381 1849 1422 prae-

525 1435 657 1486 ditae,
708 1435 807 1475 intus
837 1446 988 1483 cavae,
1036 1445 1127 1474 cum
1161 1432 1378 1473 ventriculis
1426 1430 1476 1471 sui
1518 1431 1642 1473 lateris
1687 1431 1848 1487 singulae

525 1512 604 1541 con
621 1498 856 1540 municantcs
875 1528 886 1547 ‚
930 1496 987 1537 sed
1028 1508 1132 1537 nares
1168 1496 1288 1536 verius
1327 1494 1494 1536 occlusae
1536 1506 1573 1535 et
1605 1508 1744 1538 coccae
1766 1529 1776 1549 ,
1808 1506 1846 1538 ct

526 1564 593 1603 vbi
629 1575 649 1603 a
682 1563 861 1603 lobomm
895 1560 1087 1616 apicibus,
1126 1559 1283 1600 elatiore
1328 1560 1416 1599 loco
1447 1558 1603 1612 positis,
1637 1570 1815 1601 recedunt
1835 1591 1848 1610 ‚

528 1639 596 1682 per
615 1626 719 1680 piam
752 1635 916 1665 matrem
952 1625 990 1665 in
1022 1622 1200 1665 circulum
1235 1621 1384 1664 sortiter
1414 1622 1620 1664 revinctac.
1655 1623 1699 1664 ln
1719 1624 1849 1665 auersa

528 1702 657 1732 autem
692 1687 786 1730 facie
807 1719 820 1739 ‚
852 1686 987 1729 sublata
1019 1687 1202 1728 caluariae
1236 1686 1310 1728 basi
1340 1687 1438 1727 nulla
1469 1687 1554 1727 talis
1593 1687 1797 1742 apophysis
1829 1700 1852 1729 a

529 1755 684 1795 cerebro
717 1751 944 1793 interstincta
974 1753 1149 1792 cernitur.
1211 1748 1286 1791 Sed
1320 1762 1370 1791 ex
1403 1751 1503 1791 iulco
1535 1752 1756 1804 namucno,
1789 1753 1853 1806 qui

530 1817 661 1859 lobum
697 1817 837 1858 cerebri
873 1815 1047 1858 medium
1080 1826 1118 1857 et
1151 1815 1386 1856 anteriorem
1419 1815 1593 1869 vtrinque
1611 1816 1766 1867 diuidit,
1785 1818 1854 1856 ba-

531 1882 574 1922 sis
604 1881 744 1921 cerebri
776 1879 945 1934 paullum
976 1891 1176 1933 emergens
1212 1881 1250 1919 in
1291 1890 1427 1933 corpus
1457 1879 1648 1932 quoddam
1682 1879 1854 1932 pyt-ami-

531 1945 612 1984 dale
647 1944 902 1995 cffiurramr,
952 1945 1052 1997 quod
1103 1942 1235 1997 primo
1280 1944 1402 1996 magis
1447 1941 1702 1995 compressum
1753 1955 1852 1983 mox

532 2019 628 2047 xero
660 2006 914 2060 subturgidum
957 2008 1142 2048 anteriora
1183 2007 1302 2046 versus
1336 2005 1604 2059 progrediar,
1640 2015 1680 2046 ct
1714 2007 1855 2059 paulla-

538 2072 610 2112 tim
644 2070 828 2126 angustius
860 2071 1081 2124 redditum,
1122 2070 1259 2124 absque
1298 2069 1374 2110 vlla
1414 2068 1623 2125 iuperficici
1660 2070 1857 2124 aequabilis

1726 2134 1852 2176 distin-
