<?xml version="1.0" encoding="UTF-8"?>
<!DOCTYPE html PUBLIC "-//W3C//DTD XHTML 1.0 Transitional//EN"
    "http://www.w3.org/TR/xhtml1/DTD/xhtml1-transitional.dtd">
<html xmlns="http://www.w3.org/1999/xhtml" xml:lang="en" lang="en">
 <head>
  <title>
</title>
<meta http-equiv="Content-Type" content="text/html;charset=utf-8" />
  <meta name='ocr-system' content='tesseract 3.04.00' />
  <meta name='ocr-capabilities' content='ocr_page ocr_carea ocr_par ocr_line ocrx_word'/>
</head>
<body>
  <div class='ocr_page' id='page_1' title='image "./commentariiacade14impe/commentariiacade14impe_0046.png"; bbox 0 0 2020 2668; ppageno 0'>
   <div class='ocr_carea' id='block_1_1' title="bbox 471 94 1795 152">
    <p class='ocr_par' dir='ltr' id='par_1_1' title="bbox 471 94 1795 152">
     <span class='ocr_line' id='line_1_1' title="bbox 471 94 1795 152; baseline 0.002 -12"><span class='ocrx_word' id='word_1_1' title='bbox 471 100 538 152; x_wconf 70' lang='grc'>38</span> <span class='ocrx_word' id='word_1_2' title='bbox 558 98 742 144; x_wconf 85' lang='grc' dir='ltr'><em>ΜΕἹἪ.</em></span> <span class='ocrx_word' id='word_1_3' title='bbox 760 96 960 143; x_wconf 86' lang='lat' dir='ltr'><strong><em>INTEG.</em></strong></span> <span class='ocrx_word' id='word_1_4' title='bbox 980 96 1161 141; x_wconf 83' lang='lat' dir='ltr'><em>FORM.</em></span> <span class='ocrx_word' id='word_1_5' title='bbox 1181 96 1520 141; x_wconf 77' lang='lat' dir='ltr'><em>DIFFERENT</em></span> <span class='ocrx_word' id='word_1_6' title='bbox 1547 94 1795 144; x_wconf 71' lang='lat' dir='ltr'><strong><em>RATION.</em></strong></span> 
     </span>
    </p>
   </div>
   <div class='ocr_carea' id='block_1_2' title="bbox 459 211 1802 1665">
    <p class='ocr_par' dir='ltr' id='par_1_2' title="bbox 466 211 1802 589">
     <span class='ocr_line' id='line_1_2' title="bbox 466 211 1802 268; baseline 0.001 -16"><span class='ocrx_word' id='word_1_7' title='bbox 466 212 509 253; x_wconf 90' lang='lat' dir='ltr'>in</span> <span class='ocrx_word' id='word_1_8' title='bbox 546 225 616 268; x_wconf 87' lang='lat' dir='ltr'>qua</span> <span class='ocrx_word' id='word_1_9' title='bbox 649 212 1069 255; x_wconf 66' lang='lat' dir='ltr'>srastione&#39;variabilis</span> <span class='ocrx_word' id='word_1_10' title='bbox 1105 225 1135 254; x_wconf 76' lang='grc' dir='ltr'>,τ</span> <span class='ocrx_word' id='word_1_11' title='bbox 1174 212 1214 252; x_wconf 90' lang='lat' dir='ltr'>in</span> <span class='ocrx_word' id='word_1_12' title='bbox 1246 211 1538 252; x_wconf 88' lang='lat' dir='ltr'>denominatore</span> <span class='ocrx_word' id='word_1_13' title='bbox 1580 212 1714 266; x_wconf 83' lang='lat' dir='ltr'>plures-</span> <span class='ocrx_word' id='word_1_14' title='bbox 1733 212 1802 254; x_wconf 80' lang='lat' dir='ltr'>ha-</span> 
     </span>
     <span class='ocr_line' id='line_1_3' title="bbox 473 275 1800 331; baseline 0.001 -14"><span class='ocrx_word' id='word_1_15' title='bbox 473 276 558 317; x_wconf 89' lang='lat' dir='ltr'>beat</span> <span class='ocrx_word' id='word_1_16' title='bbox 592 278 846 318; x_wconf 76' lang='lat' dir='ltr'>dimensiones</span> <span class='ocrx_word' id='word_1_17' title='bbox 877 289 992 331; x_wconf 85' lang='lat' dir='ltr'>quam</span> <span class='ocrx_word' id='word_1_18' title='bbox 1026 278 1062 317; x_wconf 91' lang='lat' dir='ltr'>iu</span> <span class='ocrx_word' id='word_1_19' title='bbox 1098 286 1351 316; x_wconf 86' lang='lat' dir='ltr'>numeratore.</span> <span class='ocrx_word' id='word_1_20' title='bbox 1425 275 1559 315; x_wconf 81' lang='lat' dir='ltr'>Tertio</span> <span class='ocrx_word' id='word_1_21' title='bbox 1593 288 1687 330; x_wconf 87' lang='lat' dir='ltr'>ergo</span> <span class='ocrx_word' id='word_1_22' title='bbox 1720 287 1800 318; x_wconf 83' lang='lat' dir='ltr'>tota</span> 
     </span>
     <span class='ocr_line' id='line_1_4' title="bbox 471 339 1802 394; baseline 0 -12"><span class='ocrx_word' id='word_1_23' title='bbox 471 342 679 394; x_wconf 85' lang='lat' dir='ltr'>integrandi</span> <span class='ocrx_word' id='word_1_24' title='bbox 713 340 912 382; x_wconf 82' lang='lat' dir='ltr'>difficultas</span> <span class='ocrx_word' id='word_1_25' title='bbox 941 341 1127 382; x_wconf 72' lang='lat' dir='ltr'>reducitur</span> <span class='ocrx_word' id='word_1_26' title='bbox 1174 341 1219 381; x_wconf 91' lang='lat' dir='ltr'>ad</span> <span class='ocrx_word' id='word_1_27' title='bbox 1263 339 1553 394; x_wconf 78' lang='lat' dir='ltr'>integrationem</span> <span class='ocrx_word' id='word_1_28' title='bbox 1596 339 1802 382; x_wconf 85' lang='lat' dir='ltr'>istiusmodi</span> 
     </span>
     <span class='ocr_line' id='line_1_5' title="bbox 471 403 1798 459; baseline 0.001 -14"><span class='ocrx_word' id='word_1_29' title='bbox 471 404 757 459; x_wconf 74' lang='lat' dir='ltr'>formularum3</span> <span class='ocrx_word' id='word_1_30' title='bbox 804 406 850 446; x_wconf 90' lang='lat' dir='ltr'>ad</span> <span class='ocrx_word' id='word_1_31' title='bbox 895 417 1010 458; x_wconf 86' lang='lat' dir='ltr'>quam</span> <span class='ocrx_word' id='word_1_32' title='bbox 1053 404 1313 446; x_wconf 85' lang='lat' dir='ltr'>absoluendam</span> <span class='ocrx_word' id='word_1_33' title='bbox 1345 413 1498 459; x_wconf 84' lang='lat' dir='ltr'>oportet</span> <span class='ocrx_word' id='word_1_34' title='bbox 1531 403 1798 446; x_wconf 86' lang='lat' dir='ltr'>denominato-</span> 
     </span>
     <span class='ocr_line' id='line_1_6' title="bbox 473 479 559 509; baseline 0.023 -2"><span class='ocrx_word' id='word_1_35' title='bbox 473 479 559 509; x_wconf 86' lang='lat' dir='ltr'>rem</span> 
     </span>
     <span class='ocr_line' id='line_1_7' title="bbox 591 524 1667 589; baseline -0.002 -17"><span class='ocrx_word' id='word_1_36' title='bbox 591 524 1563 589; x_wconf 67' lang='lat' dir='ltr'>1—l—otx-l-f3x²—l—-¹yx’-l-3x⁴—l-ex⁵-l—</span> <span class='ocrx_word' id='word_1_37' title='bbox 1595 540 1667 571; x_wconf 84' lang='lat' dir='ltr'>etc.</span> 
     </span>
    </p>

    <p class='ocr_par' dir='ltr' id='par_1_3' title="bbox 459 591 1796 1665">
     <span class='ocr_line' id='line_1_8' title="bbox 467 591 1796 651; baseline 0.001 -17"><span class='ocrx_word' id='word_1_38' title='bbox 467 593 509 635; x_wconf 90' lang='lat' dir='ltr'>in</span> <span class='ocrx_word' id='word_1_39' title='bbox 528 593 606 636; x_wconf 87' lang='lat' dir='ltr'>suos</span> <span class='ocrx_word' id='word_1_40' title='bbox 625 595 780 637; x_wconf 64' lang='lat' dir='ltr'>fictores</span> <span class='ocrx_word' id='word_1_41' title='bbox 797 597 981 649; x_wconf 82' lang='lat' dir='ltr'>simplices</span> <span class='ocrx_word' id='word_1_42' title='bbox 999 596 1159 650; x_wconf 73' lang='lat' dir='ltr'>singulos</span> <span class='ocrx_word' id='word_1_43' title='bbox 1176 595 1280 636; x_wconf 86' lang='lat' dir='ltr'>huius</span> <span class='ocrx_word' id='word_1_44' title='bbox 1297 595 1440 635; x_wconf 73' lang='lat' dir='ltr'>formae</span> <span class='ocrx_word' id='word_1_45' title='bbox 1474 607 1490 632; x_wconf 91' lang='lat'>1</span> <span class='ocrx_word' id='word_1_46' title='bbox 1512 591 1646 651; x_wconf 57' lang='lat' dir='ltr'>-l-pfx</span> <span class='ocrx_word' id='word_1_47' title='bbox 1682 593 1796 635; x_wconf 86' lang='lat' dir='ltr'>resol-</span> 
     </span>
     <span class='ocr_line' id='line_1_9' title="bbox 466 658 1793 713; baseline 0 -15"><span class='ocrx_word' id='word_1_48' title='bbox 466 670 750 713; x_wconf 76' lang='lat' dir='ltr'>vere‚quorum</span> <span class='ocrx_word' id='word_1_49' title='bbox 772 661 1015 713; x_wconf 79' lang='lat' dir='ltr'>vnusquisque</span> <span class='ocrx_word' id='word_1_50' title='bbox 1035 660 1156 699; x_wconf 90' lang='lat' dir='ltr'>modo</span> <span class='ocrx_word' id='word_1_51' title='bbox 1173 658 1346 711; x_wconf 83' lang='lat' dir='ltr'>expolito</span> <span class='ocrx_word' id='word_1_52' title='bbox 1364 659 1535 698; x_wconf 72' lang='lat' dir='ltr'>tmstatus</span> <span class='ocrx_word' id='word_1_53' title='bbox 1553 659 1655 699; x_wconf 88' lang='lat' dir='ltr'>dabit</span> <span class='ocrx_word' id='word_1_54' title='bbox 1675 671 1793 698; x_wconf 89' lang='lat' dir='ltr'>vnam</span> 
     </span>
     <span class='ocr_line' id='line_1_10' title="bbox 469 720 1795 778; baseline -0.001 -16"><span class='ocrx_word' id='word_1_55' title='bbox 469 722 658 776; x_wconf 77' lang='lat' dir='ltr'>integralis</span> <span class='ocrx_word' id='word_1_56' title='bbox 675 723 823 778; x_wconf 84' lang='lat' dir='ltr'>quaesiti</span> <span class='ocrx_word' id='word_1_57' title='bbox 844 733 1013 775; x_wconf 89' lang='lat' dir='ltr'>partem,</span> <span class='ocrx_word' id='word_1_58' title='bbox 1034 722 1085 762; x_wconf 84' lang='lat' dir='ltr'>ita</span> <span class='ocrx_word' id='word_1_59' title='bbox 1106 732 1148 761; x_wconf 85' lang='lat' dir='ltr'>vt</span> <span class='ocrx_word' id='word_1_60' title='bbox 1167 721 1315 775; x_wconf 84' lang='lat' dir='ltr'>siugulis</span> <span class='ocrx_word' id='word_1_61' title='bbox 1332 720 1390 760; x_wconf 77' lang='lat' dir='ltr'>his</span> <span class='ocrx_word' id='word_1_62' title='bbox 1409 722 1573 774; x_wconf 86' lang='lat' dir='ltr'>partibus</span> <span class='ocrx_word' id='word_1_63' title='bbox 1586 754 1596 772; x_wconf 94' lang='lat'>,</span> <span class='ocrx_word' id='word_1_64' title='bbox 1633 734 1725 774; x_wconf 90' lang='lat' dir='ltr'>quae</span> <span class='ocrx_word' id='word_1_65' title='bbox 1743 733 1795 761; x_wconf 87' lang='lat' dir='ltr'>ex</span> 
     </span>
     <span class='ocr_line' id='line_1_11' title="bbox 468 784 1794 839; baseline -0.002 -12"><span class='ocrx_word' id='word_1_66' title='bbox 468 784 615 839; x_wconf 83' lang='lat' dir='ltr'>singulis</span> <span class='ocrx_word' id='word_1_67' title='bbox 631 786 928 828; x_wconf 87' lang='lat' dir='ltr'>denominatoris</span> <span class='ocrx_word' id='word_1_68' title='bbox 947 785 1148 826; x_wconf 68' lang='lat' dir='ltr'>saftoribus</span> <span class='ocrx_word' id='word_1_69' title='bbox 1164 786 1355 835; x_wconf 89' lang='lat' dir='ltr'>oriuntur,</span> <span class='ocrx_word' id='word_1_70' title='bbox 1375 785 1595 837; x_wconf 77' lang='lat' dir='ltr'><strong>colligendis</strong></span> <span class='ocrx_word' id='word_1_71' title='bbox 1622 785 1794 825; x_wconf 81' lang='lat' dir='ltr'>obtinea-</span> 
     </span>
     <span class='ocr_line' id='line_1_12' title="bbox 465 847 1793 904; baseline -0.002 -13"><span class='ocrx_word' id='word_1_72' title='bbox 465 857 526 891; x_wconf 85' lang='lat' dir='ltr'>tur</span> <span class='ocrx_word' id='word_1_73' title='bbox 543 850 724 903; x_wconf 82' lang='lat' dir='ltr'>integrale</span> <span class='ocrx_word' id='word_1_74' title='bbox 741 849 959 904; x_wconf 82' lang='lat' dir='ltr'>quaesitum.</span> <span class='ocrx_word' id='word_1_75' title='bbox 990 848 1036 890; x_wconf 91' lang='lat' dir='ltr'>In</span> <span class='ocrx_word' id='word_1_76' title='bbox 1056 848 1129 889; x_wconf 89' lang='lat' dir='ltr'>hoc</span> <span class='ocrx_word' id='word_1_77' title='bbox 1157 858 1285 888; x_wconf 89' lang='lat' dir='ltr'>autem</span> <span class='ocrx_word' id='word_1_78' title='bbox 1314 849 1472 900; x_wconf 88' lang='lat' dir='ltr'>negotio</span> <span class='ocrx_word' id='word_1_79' title='bbox 1496 848 1709 888; x_wconf 82' lang='lat' dir='ltr'>molestiam</span> <span class='ocrx_word' id='word_1_80' title='bbox 1739 847 1793 888; x_wconf 84' lang='lat' dir='ltr'>fa-</span> 
     </span>
     <span class='ocr_line' id='line_1_13' title="bbox 466 909 1795 966; baseline -0.003 -10"><span class='ocrx_word' id='word_1_81' title='bbox 466 911 598 965; x_wconf 80' lang='lat' dir='ltr'>cesfit‚</span> <span class='ocrx_word' id='word_1_82' title='bbox 634 912 756 954; x_wconf 84' lang='lat' dir='ltr'>siduo</span> <span class='ocrx_word' id='word_1_83' title='bbox 791 912 957 966; x_wconf 87' lang='lat' dir='ltr'>pluresue</span> <span class='ocrx_word' id='word_1_84' title='bbox 989 912 1141 953; x_wconf 81' lang='lat' dir='ltr'>istorum</span> <span class='ocrx_word' id='word_1_85' title='bbox 1177 909 1362 951; x_wconf 63' lang='lat' dir='ltr'>faistorum</span> <span class='ocrx_word' id='word_1_86' title='bbox 1397 911 1624 964; x_wconf 73' lang='lat' dir='ltr'>{impliciitm</span> <span class='ocrx_word' id='word_1_87' title='bbox 1659 912 1795 952; x_wconf 87' lang='lat' dir='ltr'>fuerint</span> 
     </span>
     <span class='ocr_line' id='line_1_14' title="bbox 468 975 1792 1030; baseline 0.001 -15"><span class='ocrx_word' id='word_1_88' title='bbox 468 975 564 1017; x_wconf 87' lang='lat' dir='ltr'>inter</span> <span class='ocrx_word' id='word_1_89' title='bbox 594 976 628 1017; x_wconf 77' lang='lat' dir='ltr'>ie</span> <span class='ocrx_word' id='word_1_90' title='bbox 659 976 826 1030; x_wconf 77' lang='lat' dir='ltr'>aequales</span> <span class='ocrx_word' id='word_1_91' title='bbox 848 1007 860 1027; x_wconf 85' lang='lat'>,</span> <span class='ocrx_word' id='word_1_92' title='bbox 896 976 980 1017; x_wconf 88' lang='lat' dir='ltr'>huic</span> <span class='ocrx_word' id='word_1_93' title='bbox 1015 987 1108 1016; x_wconf 83' lang='lat' dir='ltr'>vcro</span> <span class='ocrx_word' id='word_1_94' title='bbox 1142 975 1397 1015; x_wconf 90' lang='lat' dir='ltr'>incommodo</span> <span class='ocrx_word' id='word_1_95' title='bbox 1433 977 1644 1015; x_wconf 84' lang='lat' dir='ltr'>remedium</span> <span class='ocrx_word' id='word_1_96' title='bbox 1690 986 1792 1016; x_wconf 85' lang='lat' dir='ltr'>attu-</span> 
     </span>
     <span class='ocr_line' id='line_1_15' title="bbox 463 1037 1791 1093; baseline 0 -13"><span class='ocrx_word' id='word_1_97' title='bbox 463 1038 576 1081; x_wconf 82' lang='lat' dir='ltr'>limus</span> <span class='ocrx_word' id='word_1_98' title='bbox 595 1073 605 1092; x_wconf 87' lang='lat'>‚</span> <span class='ocrx_word' id='word_1_99' title='bbox 639 1040 733 1080; x_wconf 93' lang='lat' dir='ltr'>dum</span> <span class='ocrx_word' id='word_1_100' title='bbox 768 1040 994 1092; x_wconf 87' lang='lat' dir='ltr'>docuimus,</span> <span class='ocrx_word' id='word_1_101' title='bbox 1027 1039 1227 1093; x_wconf 89' lang='lat' dir='ltr'>quomodo</span> <span class='ocrx_word' id='word_1_102' title='bbox 1258 1050 1307 1078; x_wconf 88' lang='lat' dir='ltr'>ex</span> <span class='ocrx_word' id='word_1_103' title='bbox 1340 1037 1539 1079; x_wconf 69' lang='lat' dir='ltr'>faetoribus</span> <span class='ocrx_word' id='word_1_104' title='bbox 1579 1039 1791 1091; x_wconf 77' lang='lat' dir='ltr'>aequalibus</span> 
     </span>
     <span class='ocr_line' id='line_1_16' title="bbox 463 1101 1785 1157; baseline -0.002 -13"><span class='ocrx_word' id='word_1_105' title='bbox 463 1103 677 1145; x_wconf 71' lang='lat' dir='ltr'>coniunffls</span> <span class='ocrx_word' id='word_1_106' title='bbox 709 1103 896 1157; x_wconf 87' lang='lat' dir='ltr'>integralis</span> <span class='ocrx_word' id='word_1_107' title='bbox 928 1116 1011 1157; x_wconf 90' lang='lat' dir='ltr'>pars</span> <span class='ocrx_word' id='word_1_108' title='bbox 1042 1115 1093 1142; x_wconf 89' lang='lat' dir='ltr'>ex</span> <span class='ocrx_word' id='word_1_109' title='bbox 1125 1101 1211 1156; x_wconf 86' lang='lat' dir='ltr'>ipfis</span> <span class='ocrx_word' id='word_1_110' title='bbox 1241 1101 1396 1142; x_wconf 76' lang='lat' dir='ltr'>oritmda</span> <span class='ocrx_word' id='word_1_111' title='bbox 1433 1102 1587 1141; x_wconf 87' lang='lat' dir='ltr'>inueniri</span> <span class='ocrx_word' id='word_1_112' title='bbox 1639 1101 1785 1142; x_wconf 81' lang='lat' dir='ltr'>debeat.</span> 
     </span>
     <span class='ocr_line' id='line_1_17' title="bbox 462 1164 1788 1219; baseline 0.001 -14"><span class='ocrx_word' id='word_1_113' title='bbox 462 1164 630 1208; x_wconf 86' lang='lat' dir='ltr'>Vnicum</span> <span class='ocrx_word' id='word_1_114' title='bbox 665 1178 794 1208; x_wconf 88' lang='lat' dir='ltr'>autem</span> <span class='ocrx_word' id='word_1_115' title='bbox 826 1166 1119 1207; x_wconf 89' lang='lat' dir='ltr'>incommodum</span> <span class='ocrx_word' id='word_1_116' title='bbox 1151 1165 1273 1206; x_wconf 87' lang='lat' dir='ltr'>adhuc</span> <span class='ocrx_word' id='word_1_117' title='bbox 1306 1165 1573 1219; x_wconf 72' lang='lat' dir='ltr'>saepenumero</span> <span class='ocrx_word' id='word_1_118' title='bbox 1612 1166 1758 1206; x_wconf 84' lang='lat' dir='ltr'>accedit</span> <span class='ocrx_word' id='word_1_119' title='bbox 1776 1199 1788 1219; x_wconf 91' lang='lat'>,</span> 
     </span>
     <span class='ocr_line' id='line_1_18' title="bbox 461 1228 1788 1282; baseline 0.001 -12"><span class='ocrx_word' id='word_1_120' title='bbox 461 1231 561 1282; x_wconf 88' lang='lat' dir='ltr'>quod</span> <span class='ocrx_word' id='word_1_121' title='bbox 613 1231 652 1270; x_wconf 91' lang='lat' dir='ltr'>in</span> <span class='ocrx_word' id='word_1_122' title='bbox 685 1230 760 1271; x_wconf 89' lang='lat' dir='ltr'>hoc</span> <span class='ocrx_word' id='word_1_123' title='bbox 810 1230 1000 1281; x_wconf 81' lang='lat' dir='ltr'>consistit,</span> <span class='ocrx_word' id='word_1_124' title='bbox 1056 1239 1097 1268; x_wconf 77' lang='lat' dir='ltr'>vt</span> <span class='ocrx_word' id='word_1_125' title='bbox 1147 1229 1292 1281; x_wconf 87' lang='lat' dir='ltr'>quoties</span> <span class='ocrx_word' id='word_1_126' title='bbox 1337 1228 1601 1268; x_wconf 88' lang='lat' dir='ltr'>denominator</span> <span class='ocrx_word' id='word_1_127' title='bbox 1651 1228 1788 1272; x_wconf 84' lang='lat' dir='ltr'>habeat</span> 
     </span>
     <span class='ocr_line' id='line_1_19' title="bbox 465 1290 1789 1347; baseline 0 -15"><span class='ocrx_word' id='word_1_128' title='bbox 465 1291 628 1333; x_wconf 68' lang='lat' dir='ltr'>faetores</span> <span class='ocrx_word' id='word_1_129' title='bbox 661 1293 902 1347; x_wconf 83' lang='lat' dir='ltr'>imaginarios</span> <span class='ocrx_word' id='word_1_130' title='bbox 927 1326 938 1345; x_wconf 89' lang='lat'>,</span> <span class='ocrx_word' id='word_1_131' title='bbox 974 1293 1086 1332; x_wconf 85' lang='lat' dir='ltr'>toties</span> <span class='ocrx_word' id='word_1_132' title='bbox 1120 1290 1307 1345; x_wconf 81' lang='lat' dir='ltr'>integralis</span> <span class='ocrx_word' id='word_1_133' title='bbox 1339 1301 1458 1345; x_wconf 84' lang='lat' dir='ltr'>partes</span> <span class='ocrx_word' id='word_1_134' title='bbox 1490 1302 1540 1330; x_wconf 86' lang='lat' dir='ltr'>ex</span> <span class='ocrx_word' id='word_1_135' title='bbox 1574 1292 1616 1330; x_wconf 87' lang='lat' dir='ltr'>iis</span> <span class='ocrx_word' id='word_1_136' title='bbox 1658 1293 1789 1332; x_wconf 84' lang='lat' dir='ltr'>oriun-</span> 
     </span>
     <span class='ocr_line' id='line_1_20' title="bbox 459 1353 1785 1410; baseline 0 -14"><span class='ocrx_word' id='word_1_137' title='bbox 459 1355 530 1396; x_wconf 87' lang='lat' dir='ltr'>dae</span> <span class='ocrx_word' id='word_1_138' title='bbox 566 1355 657 1396; x_wconf 88' lang='lat' dir='ltr'>fiant</span> <span class='ocrx_word' id='word_1_139' title='bbox 689 1369 838 1410; x_wconf 77' lang='lat' dir='ltr'>quoque</span> <span class='ocrx_word' id='word_1_140' title='bbox 872 1356 1143 1408; x_wconf 73' lang='lat' dir='ltr'>imaginariae:</span> <span class='ocrx_word' id='word_1_141' title='bbox 1180 1367 1273 1408; x_wconf 85' lang='lat' dir='ltr'>quae</span> <span class='ocrx_word' id='word_1_142' title='bbox 1307 1355 1372 1395; x_wconf 83' lang='lat' dir='ltr'>etsi</span> <span class='ocrx_word' id='word_1_143' title='bbox 1389 1354 1624 1394; x_wconf 69' lang='lat' dir='ltr'>couiunc&#39;iim</span> <span class='ocrx_word' id='word_1_144' title='bbox 1645 1353 1785 1396; x_wconf 68' lang='lat' dir='ltr'>(unitae</span> 
     </span>
     <span class='ocr_line' id='line_1_21' title="bbox 459 1418 1781 1473; baseline -0.001 -13"><span class='ocrx_word' id='word_1_145' title='bbox 459 1421 706 1473; x_wconf 75' lang='lat' dir='ltr'>quantitatem</span> <span class='ocrx_word' id='word_1_146' title='bbox 742 1419 880 1459; x_wconf 85' lang='lat' dir='ltr'>realem</span> <span class='ocrx_word' id='word_1_147' title='bbox 916 1420 1094 1472; x_wconf 80' lang='lat' dir='ltr'>praebent</span> <span class='ocrx_word' id='word_1_148' title='bbox 1114 1451 1124 1469; x_wconf 90' lang='lat'>,</span> <span class='ocrx_word' id='word_1_149' title='bbox 1158 1429 1279 1458; x_wconf 88' lang='lat' dir='ltr'>tamen</span> <span class='ocrx_word' id='word_1_150' title='bbox 1315 1431 1357 1458; x_wconf 88' lang='lat' dir='ltr'>ea</span> <span class='ocrx_word' id='word_1_151' title='bbox 1389 1429 1438 1457; x_wconf 82' lang='lat' dir='ltr'>ex</span> <span class='ocrx_word' id='word_1_152' title='bbox 1459 1418 1781 1470; x_wconf 80' lang='lat' dir='ltr'>imaginariisnon</span> 
     </span>
     <span class='ocr_line' id='line_1_22' title="bbox 460 1481 1782 1540; baseline 0 -18"><span class='ocrx_word' id='word_1_153' title='bbox 460 1492 541 1523; x_wconf 71' lang='lat' dir='ltr'>tim</span> <span class='ocrx_word' id='word_1_154' title='bbox 576 1483 720 1534; x_wconf 89' lang='lat' dir='ltr'>liquido</span> <span class='ocrx_word' id='word_1_155' title='bbox 752 1493 942 1536; x_wconf 83' lang='lat' dir='ltr'>appareat.</span> <span class='ocrx_word' id='word_1_156' title='bbox 1011 1482 1278 1540; x_wconf 79' lang='lat' dir='ltr'>Quamobrem</span> <span class='ocrx_word' id='word_1_157' title='bbox 1313 1493 1472 1535; x_wconf 89' lang='lat' dir='ltr'>operam</span> <span class='ocrx_word' id='word_1_158' title='bbox 1509 1481 1701 1533; x_wconf 85' lang='lat' dir='ltr'>dabimus,</span> <span class='ocrx_word' id='word_1_159' title='bbox 1739 1492 1782 1522; x_wconf 78' lang='lat' dir='ltr'>vt</span> 
     </span>
     <span class='ocr_line' id='line_1_23' title="bbox 461 1544 1779 1600; baseline 0 -14"><span class='ocrx_word' id='word_1_160' title='bbox 461 1546 642 1600; x_wconf 79' lang='lat' dir='ltr'>integrale</span> <span class='ocrx_word' id='word_1_161' title='bbox 676 1546 724 1586; x_wconf 88' lang='lat' dir='ltr'>ab</span> <span class='ocrx_word' id='word_1_162' title='bbox 757 1547 986 1599; x_wconf 87' lang='lat' dir='ltr'>imaginariis</span> <span class='ocrx_word' id='word_1_163' title='bbox 1019 1546 1179 1586; x_wconf 87' lang='lat' dir='ltr'>omniuo</span> <span class='ocrx_word' id='word_1_164' title='bbox 1215 1545 1372 1586; x_wconf 85' lang='lat' dir='ltr'>liberam</span> <span class='ocrx_word' id='word_1_165' title='bbox 1405 1557 1448 1585; x_wconf 87' lang='lat' dir='ltr'>ae</span> <span class='ocrx_word' id='word_1_166' title='bbox 1482 1544 1564 1584; x_wconf 83' lang='lat' dir='ltr'>solis</span> <span class='ocrx_word' id='word_1_167' title='bbox 1597 1546 1779 1598; x_wconf 82' lang='lat' dir='ltr'>quantita-</span> 
     </span>
     <span class='ocr_line' id='line_1_24' title="bbox 459 1608 1273 1665; baseline -0.005 -13"><span class='ocrx_word' id='word_1_168' title='bbox 459 1611 555 1652; x_wconf 84' lang='lat' dir='ltr'>tibus</span> <span class='ocrx_word' id='word_1_169' title='bbox 588 1611 742 1652; x_wconf 79' lang='lat' dir='ltr'>realibus</span> <span class='ocrx_word' id='word_1_170' title='bbox 773 1609 984 1665; x_wconf 80' lang='lat' dir='ltr'>expressum</span> <span class='ocrx_word' id='word_1_171' title='bbox 1019 1608 1273 1651; x_wconf 76' lang='lat' dir='ltr'>exhibeamus.</span> 
     </span>
    </p>
   </div>
   <div class='ocr_carea' id='block_1_3' title="bbox 455 1733 1780 2048">
    <p class='ocr_par' dir='ltr' id='par_1_4' title="bbox 455 1733 1780 2048">
     <span class='ocr_line' id='line_1_25' title="bbox 574 1733 1779 1789; baseline -0.002 -11"><span class='ocrx_word' id='word_1_172' title='bbox 574 1738 607 1789; x_wconf 81' lang='lat'>§.</span> <span class='ocrx_word' id='word_1_173' title='bbox 633 1748 655 1785; x_wconf 79' lang='grc'>3</span> <span class='ocrx_word' id='word_1_174' title='bbox 667 1750 709 1788; x_wconf 81' lang='lat'>3.</span> <span class='ocrx_word' id='word_1_175' title='bbox 729 1735 900 1778; x_wconf 88' lang='lat' dir='ltr'>Dubium</span> <span class='ocrx_word' id='word_1_176' title='bbox 921 1736 1025 1777; x_wconf 90' lang='lat' dir='ltr'>enim</span> <span class='ocrx_word' id='word_1_177' title='bbox 1045 1736 1096 1776; x_wconf 88' lang='lat' dir='ltr'>est</span> <span class='ocrx_word' id='word_1_178' title='bbox 1115 1735 1257 1776; x_wconf 86' lang='lat' dir='ltr'>nullum</span> <span class='ocrx_word' id='word_1_179' title='bbox 1271 1767 1282 1785; x_wconf 86' lang='lat'>,</span> <span class='ocrx_word' id='word_1_180' title='bbox 1301 1736 1388 1789; x_wconf 90' lang='lat' dir='ltr'>quin</span> <span class='ocrx_word' id='word_1_181' title='bbox 1408 1733 1590 1777; x_wconf 78' lang='lat' dir='ltr'>formulae</span> <span class='ocrx_word' id='word_1_182' title='bbox 1608 1735 1779 1776; x_wconf 83' lang='lat' dir='ltr'>differen-</span> 
     </span>
     <span class='ocr_line' id='line_1_26' title="bbox 457 1799 1780 1853; baseline -0.001 -11"><span class='ocrx_word' id='word_1_183' title='bbox 457 1801 548 1843; x_wconf 83' lang='lat' dir='ltr'>tialis</span> <span class='ocrx_word' id='word_1_184' title='bbox 566 1802 667 1842; x_wconf 75' lang='lat' dir='ltr'>realis</span> <span class='ocrx_word' id='word_1_185' title='bbox 686 1801 861 1853; x_wconf 86' lang='lat' dir='ltr'>integrale</span> <span class='ocrx_word' id='word_1_186' title='bbox 883 1801 1022 1853; x_wconf 88' lang='lat' dir='ltr'>pariter</span> <span class='ocrx_word' id='word_1_187' title='bbox 1042 1800 1082 1840; x_wconf 80' lang='lat' dir='ltr'>sit</span> <span class='ocrx_word' id='word_1_188' title='bbox 1102 1800 1212 1851; x_wconf 67' lang='lat' dir='ltr'>reale,</span> <span class='ocrx_word' id='word_1_189' title='bbox 1232 1811 1395 1851; x_wconf 89' lang='lat' dir='ltr'>namque</span> <span class='ocrx_word' id='word_1_190' title='bbox 1414 1799 1592 1853; x_wconf 83' lang='lat' dir='ltr'>integrale</span> <span class='ocrx_word' id='word_1_191' title='bbox 1613 1801 1664 1839; x_wconf 88' lang='lat' dir='ltr'>nil</span> <span class='ocrx_word' id='word_1_192' title='bbox 1683 1800 1780 1841; x_wconf 89' lang='lat' dir='ltr'>aliud</span> 
     </span>
     <span class='ocr_line' id='line_1_27' title="bbox 455 1861 1780 1916; baseline -0.003 -9"><span class='ocrx_word' id='word_1_193' title='bbox 455 1865 508 1907; x_wconf 79' lang='lat' dir='ltr'>est</span> <span class='ocrx_word' id='word_1_194' title='bbox 530 1865 591 1905; x_wconf 84' lang='lat' dir='ltr'>uili</span> <span class='ocrx_word' id='word_1_195' title='bbox 612 1865 756 1906; x_wconf 82' lang='lat' dir='ltr'>lumma</span> <span class='ocrx_word' id='word_1_196' title='bbox 774 1866 950 1906; x_wconf 87' lang='lat' dir='ltr'>omnium</span> <span class='ocrx_word' id='word_1_197' title='bbox 973 1864 1142 1904; x_wconf 84' lang='lat' dir='ltr'>valorum</span> <span class='ocrx_word' id='word_1_198' title='bbox 1162 1861 1465 1903; x_wconf 80' lang='lat' dir='ltr'>differentialium</span> <span class='ocrx_word' id='word_1_199' title='bbox 1486 1862 1668 1904; x_wconf 84' lang='lat' dir='ltr'>formulae</span> <span class='ocrx_word' id='word_1_200' title='bbox 1689 1876 1780 1916; x_wconf 69' lang='lat' dir='ltr'>fro-</span> 
     </span>
     <span class='ocr_line' id='line_1_28' title="bbox 457 1927 1775 1984; baseline -0.002 -17"><span class='ocrx_word' id='word_1_201' title='bbox 457 1928 597 1984; x_wconf 81' lang='lat' dir='ltr'>positae</span> <span class='ocrx_word' id='word_1_202' title='bbox 617 1941 636 1968; x_wconf 87' lang='lat' dir='ltr'>a</span> <span class='ocrx_word' id='word_1_203' title='bbox 659 1927 824 1968; x_wconf 89' lang='lat' dir='ltr'>minimo</span> <span class='ocrx_word' id='word_1_204' title='bbox 852 1927 962 1981; x_wconf 75' lang='lat' dir='ltr'>ipsius</span> <span class='ocrx_word' id='word_1_205' title='bbox 979 1941 1006 1968; x_wconf 76' lang='lat' dir='ltr'><strong><em>x</em></strong></span> <span class='ocrx_word' id='word_1_206' title='bbox 1026 1928 1155 1967; x_wconf 73' lang='lat' dir='ltr'>valore</span> <span class='ocrx_word' id='word_1_207' title='bbox 1176 1927 1221 1967; x_wconf 87' lang='lat' dir='ltr'>ad</span> <span class='ocrx_word' id='word_1_208' title='bbox 1244 1927 1457 1967; x_wconf 81' lang='lat' dir='ltr'>maximum</span> <span class='ocrx_word' id='word_1_209' title='bbox 1478 1928 1658 1966; x_wconf 86' lang='lat' dir='ltr'>contiuuo</span> <span class='ocrx_word' id='word_1_210' title='bbox 1686 1940 1775 1980; x_wconf 87' lang='lat' dir='ltr'>pro·</span> 
     </span>
     <span class='ocr_line' id='line_1_29' title="bbox 456 1987 1773 2048; baseline -0.003 -16"><span class='ocrx_word' id='word_1_211' title='bbox 456 1993 707 2048; x_wconf 85' lang='lat' dir='ltr'>gredientium</span> <span class='ocrx_word' id='word_1_212' title='bbox 731 2023 740 2039; x_wconf 91' lang='lat'>,</span> <span class='ocrx_word' id='word_1_213' title='bbox 761 1993 819 2044; x_wconf 86' lang='lat' dir='ltr'>qui</span> <span class='ocrx_word' id='word_1_214' title='bbox 846 2004 932 2031; x_wconf 90' lang='lat' dir='ltr'>cum</span> <span class='ocrx_word' id='word_1_215' title='bbox 956 1991 1022 2031; x_wconf 79' lang='lat' dir='ltr'>fint</span> <span class='ocrx_word' id='word_1_216' title='bbox 1043 1987 1176 2031; x_wconf 75' lang='lat' dir='ltr'>omnes</span> <span class='ocrx_word' id='word_1_217' title='bbox 1196 1988 1477 2041; x_wconf 78' lang='lat' dir='ltr'>reales,ncccffe</span> <span class='ocrx_word' id='word_1_218' title='bbox 1498 1990 1567 2040; x_wconf 80' lang='lat' dir='ltr'>est,</span> <span class='ocrx_word' id='word_1_219' title='bbox 1596 1999 1637 2030; x_wconf 78' lang='lat' dir='ltr'>vt</span> <span class='ocrx_word' id='word_1_220' title='bbox 1659 1991 1773 2032; x_wconf 76' lang='lat' dir='ltr'>eiiam</span> 
     </span>
    </p>
   </div>
   <div class='ocr_carea' id='block_1_4' title="bbox 451 2053 1771 2159">
    <p class='ocr_par' dir='ltr' id='par_1_5' title="bbox 451 2053 1771 2159">
     <span class='ocr_line' id='line_1_30' title="bbox 451 2053 1771 2109; baseline -0.002 -11"><span class='ocrx_word' id='word_1_221' title='bbox 451 2069 585 2098; x_wconf 84' lang='lat' dir='ltr'>eorum</span> <span class='ocrx_word' id='word_1_222' title='bbox 605 2055 773 2107; x_wconf 84' lang='lat' dir='ltr'>summa,</span> <span class='ocrx_word' id='word_1_223' title='bbox 794 2053 867 2096; x_wconf 82' lang='lat' dir='ltr'>hoc</span> <span class='ocrx_word' id='word_1_224' title='bbox 885 2054 937 2096; x_wconf 81' lang='lat' dir='ltr'>est</span> <span class='ocrx_word' id='word_1_225' title='bbox 957 2054 1130 2109; x_wconf 83' lang='lat' dir='ltr'>integrale</span> <span class='ocrx_word' id='word_1_226' title='bbox 1151 2054 1214 2106; x_wconf 85' lang='lat' dir='ltr'>sit,</span> <span class='ocrx_word' id='word_1_227' title='bbox 1233 2053 1413 2107; x_wconf 84' lang='lat' dir='ltr'>quantitas</span> <span class='ocrx_word' id='word_1_228' title='bbox 1432 2053 1546 2093; x_wconf 83' lang='lat' dir='ltr'>realis.</span> <span class='ocrx_word' id='word_1_229' title='bbox 1585 2055 1771 2108; x_wconf 83' lang='lat' dir='ltr'>Quoc1rca</span> 
     </span>
     <span class='ocr_line' id='line_1_31' title="bbox 1647 2127 1766 2159; baseline 0.034 -4"><span class='ocrx_word' id='word_1_230' title='bbox 1647 2127 1766 2159; x_wconf 79' lang='lat' dir='ltr'>ctiam</span> 
     </span>
    </p>
   </div>
  </div>
 </body>
</html>
