2020 2668
505 83 593 134 276
878 79 1111 135 »gqgffieg«.
1142 90 1171 123 0
1204 78 1438 134 »Q«

507 259 729 322 VERA
787 184 1442 317 SIGNIFICXQIONE
1502 254 1825 317 PROCES-

548 342 771 407 SVVM
804 341 1406 406 MAMILLARIVM
1438 340 1786 403 CEREBRI.

1045 424 1286 463 AVCTORE

983 481 1082 539 {osta
1114 481 1179 524 W
1174 478 1369 524 eitbrecht.

1109 608 1145 659 ς.
1187 621 1227 651 1.

625 683 769 727 namuis
800 693 924 725 nemo
955 682 1148 737 negauerit
1165 715 1178 737 ,
1209 680 1257 724 ad
1289 678 1504 723 distinctam
1546 693 1672 723 rerum
1705 680 1835 736 cogni-

659 751 803 791 tionem
821 779 833 800 ,
881 756 921 788 et
961 747 1179 788 euitandam
1217 745 1388 788 idearum
1431 745 1684 787 confiifioncm
1724 745 1839 799 pluri-

515 827 627 858 mum
661 811 829 854 conferre
847 842 858 863 ,
892 820 934 852 vt
966 822 1024 851 res
1053 809 1243 865 quaelibet
1272 810 1434 864 proprio
1475 809 1634 850 nomine
1675 808 1739 849 fito
1770 809 1838 850 de-

516 879 710 933 signetur3
745 885 900 929 tumque
923 907 935 927 ,
969 874 1124 929 perinde
1154 873 1225 915 effe
1243 907 1255 927 ,
1287 873 1538 928 qualecunque
1579 885 1722 914 nomen
1757 871 1839 913 sue-

515 943 589 994 rit,
621 938 868 991 dummodo,
897 937 988 992 quid
1022 950 1090 992 per
1122 937 1212 980 illud
1243 936 1397 991 intelligi
1431 937 1594 989 debeat,
1628 935 1752 977 stricte
1770 936 1838 976 dc-

516 1005 698 1048 finiatur:
735 1012 868 1043 tamen
908 1001 1018 1043 simul
1048 1002 1257 1043 cauendum
1291 1000 1342 1041 est
1360 1033 1372 1053 ,
1410 1012 1457 1042 ne
1489 1000 1645 1042 nomina
1682 999 1750 1042 sint
1782 999 1840 1039 in·

517 1080 681 1122 congrua
711 1075 776 1107 ant
807 1063 921 1118 salsa3
973 1065 1058 1118 quia
1100 1064 1206 1119 fiiepe
1251 1064 1422 1105 accidere
1461 1064 1582 1118 potest
1601 1096 1613 1116 ,
1645 1071 1689 1103 vt
1723 1062 1841 1103 istius-

519 1131 630 1173 modi
661 1128 766 1171 fame
797 1128 1128 1170 denominationes
1160 1127 1285 1169 filffim
1318 1139 1465 1181 quoque
1498 1127 1551 1168 rei
1585 1126 1692 1180 ipsius
1714 1126 1840 1166 ideam

520 1194 657 1236 animis
689 1193 922 1247 ingenerent.
989 1189 1160 1232 Sufficiat
1192 1202 1290 1231 nunc
1324 1201 1376 1229 ex
1408 1189 1575 1245 pluribus
1612 1188 1720 1230 huius
1754 1201 1843 1243 pcc-

521 1259 597 1299 cati
628 1255 820 1310 exemplis
838 1288 850 1308 ‚
889 1267 960 1309 qua
995 1255 1206 1296 Anatomia
1249 1252 1358 1294 nobis
1401 1252 1636 1309 suppeditat,
1686 1252 1843 1306 allegare

522 1318 716 1366 Process‘us
748 1318 980 1360 mamiliares
1009 1318 1184 1372 cerebri;
1229 1329 1298 1373 per
1331 1318 1433 1371 quod
1479 1329 1623 1358 nomen
1656 1316 1744 1371 quid
1777 1329 1845 1357 ve-

524 1395 621 1428 teres
650 1382 931 1434 intellexerint,
980 1391 1019 1423 ct
1053 1392 1230 1436 qnatenus
1280 1380 1366 1422 illud
1418 1381 1536 1422 neruis
1584 1381 1761 1422 odoratus
1804 1381 1844 1423 in

524 1449 685 1492 homine
714 1456 913 1501 competat
933 1479 943 1498 ,
977 1446 1116 1500 partim
1148 1457 1197 1486 ex
1223 1444 1398 1485 historiae
1415 1445 1652 1486 anatomicae
1672 1445 1846 1497 sontibus,

525 1513 671 1568 partim
703 1524 754 1553 ex
787 1509 863 1567 ipfix
901 1521 1050 1552 natutae
1089 1508 1412 1564 contemplatione
1453 1508 1623 1551 distincte
1655 1508 1847 1563 explicare

527 1577 711 1619 conabor.

643 1634 681 1684 ξ.
703 1653 744 1681 2.
779 1637 825 1681 In
858 1638 989 1695 aprico
1019 1637 1071 1680 est
1090 1670 1102 1691 ,
1134 1634 1374 1693 processuum
1405 1635 1546 1678 cerebri
1579 1636 1846 1678 mamillarium

528 1705 883 1748 denominationem
916 1704 1107 1758 originem
1141 1701 1241 1744 suam
1276 1702 1468 1744 brutorum
1504 1700 1658 1742 lec'tioni
1693 1702 1851 1755 debere,

531 1771 589 1811 cni
621 1779 744 1811 certae
777 1768 962 1823 quaedam
993 1766 1136 1809 cerebri
1179 1766 1441 1808 extuberantes
1480 1765 1703 1820 appendices
1740 1777 1853 1806 occa-

331 1825 527 1899 ἱξὲςξξοξ-
513 1834 676 1876 sionem
708 1831 897 1875 dederant.
951 1825 1167 1872 Galenus*
1199 1843 1259 1872 cns
1291 1831 1341 1871 ita
1375 1827 1573 1871 describit.
1608 1826 1847 1880 ,Cercbmm

335 1910 400 1940 dou
374 1918 455 1940 un».
535 1898 729 1952 „germina
780 1890 1061 1952 (αποΦυσ-εις)
1111 1895 1189 1936 duo
1236 1894 1281 1936 ad
1323 1895 1416 1936 hiec
1455 1892 1529 1946 ipsit
1572 1891 1653 1932 loca
1686 1888 1848 1947 (umes)

533 1960 765 2015 „spectantia
815 1959 958 2013 habet,
1007 1973 1124 2014 eaque
1154 1957 1319 2012 oblonga
1351 1968 1389 1998 ct
1421 1967 1617 2007 concaua,
1666 1967 1758 2009 quac
1798 1968 1850 1996 ex

533 2023 803 2078 „anterioribus
829 2024 970 2065 cerebri
1003 2022 1216 2065 ventriculis
1247 2031 1374 2062 ortum
1408 2018 1545 2060 habent
1564 2051 1575 2069 ,
1608 2028 1648 2059 et
1679 2019 1725 2060 ad
1761 2031 1849 2060 cam

534 2087 737 2142 „caluariae
768 2098 919 2145 partem
938 2120 950 2141 ,
979 2088 1077 2130 vnde
1109 2084 1210 2129 nasus
1241 2085 1359 2127 oritur
1389 2081 1642 2135 descendunt,
1667 2094 1745 2138 quo
1762 2082 1849 2124 loco

1777 2149 1854 2190 offa
