2020 2668
607 105 746 168 ἢᾶἓὲζᾴ
777 119 803 148 0
839 102 979 166 4³3}ssae
1421 114 1474 155 ss
1486 114 1506 155 ς

208 216 492 283 NVMVS
539 212 1164 279 CYRENAEORVM
1219 210 1322 272 PT
1326 211 1513 273 OLE-

492 304 734 363 MAEO
776 297 1237 361 INSCRIPTVS.

690 451 716 494 I
715 483 724 493 .
761 452 817 494 Η.
847 400 1025 493 aSchulze.

310 596 415 626 umus
462 596 586 625 aeteus
634 582 751 624 musei
783 581 872 622 mei.
939 577 1064 634 Caput
1096 579 1158 621 dei
1207 575 1431 620 Hammoris
1461 577 1600 625 :Tabg
1621 576 1685 608 W!-

340 648 475 702 Aquila
496 647 587 687 stans
607 679 618 699 ,
636 647 774 687 fulmen
796 644 895 685 Iouis
914 644 1059 698 vngulis
1075 653 1206 685 tenens
1223 657 1231 683 :
1261 643 1357 682 inter
1374 650 1521 681 vtrum-
1571 620 1632 659 Fsg.
1654 628 1688 661 9·

344 724 416 765 que
451 712 593 764 pedem
644 719 936 759 monogramma
955 740 966 759 ‚
1022 707 1106 758 illi,
1159 706 1259 760 quod
1308 703 1523 745 Christianis

348 774 432 827 post
465 773 582 813 multa
614 771 749 812 saecula
784 771 922 824 placuit
952 769 996 810 ad
1016 782 1158 810 nomen
1177 767 1314 809 Christi
1332 767 1524 821 designan-

346 837 435 877 dum
456 868 467 888 ,
500 836 707 875 admodum
743 833 876 875 simile.
938 833 1044 872 Ante
1076 832 1239 886 aquilam
1289 843 1407 872 cornu
1455 841 1524 871 co·

346 901 444 952 piae.
481 899 880 939 ΠΤΟΛΕΜΑΙΟΥ
916 890 1254 937 ΒΑΣΙΛΕΩΣ.

275 992 281 998 .
329 962 511 1013 NumuS‚
545 974 656 1014 quem
691 961 856 1000 exhibeo
875 992 886 1011 ‚
919 960 970 998 est
1002 959 1265 1010 integerrimus
1285 987 1297 1008 ,
1328 965 1368 995 et
1402 955 1463 1009 qui
1487 954 1523 995 {e

219 1025 413 1077 antiquum
450 1033 487 1063 et
521 1024 722 1076 genuinum
757 1022 868 1062 firma
901 1033 941 1062 et
975 1021 1093 1061 nobili
1126 1020 1298 1073 aerugine
1331 1018 1425 1059 fiisca
1444 1018 1524 1058 cui-

218 1090 275 1127 vis
326 1087 537 1139 exploranti
593 1085 871 1139 comprobabit.
965 1084 1272 1138 Magnitudinem
1323 1091 1525 1134 totumque

220 1152 294 1191 eius
326 1150 497 1190 habitum
531 1149 728 1189 delineatio
760 1146 1023 1188 accuratissima
1056 1146 1218 1186 docebit.
1284 1145 1524 1187 Nonautem

220 1213 385 1253 exhibeo
417 1212 521 1252 illum
557 1221 750 1264 tamquam
783 1223 941 1252 nouum.
1006 1209 1126 1251 Probe
1158 1208 1262 1248 enim
1295 1208 1370 1248 scio
1387 1207 1529 1248 multos

220 1277 266 1315 de
299 1288 345 1314 eo
367 1308 377 1328 ,
428 1285 467 1314 et
509 1285 872 1327 monogrammate,
923 1274 1023 1327 quod
1072 1271 1255 1323 exhibet,
1307 1271 1528 1310 sententiam

223 1338 380 1378 dixisse:
414 1350 499 1391 quas
532 1348 617 1377 ante
651 1337 719 1376 hos
753 1337 903 1377 XLIV.
939 1348 1055 1376 annos
1086 1334 1252 1388 singulari
1278 1333 1526 1374 dissertatione

220 1401 442 1453 complexus
473 1400 523 1439 est
555 1401 615 1439 vir
646 1399 904 1439 celeberrimus
934 1409 973 1438 et
1005 1400 1050 1438 de
1082 1410 1194 1437 omni
1228 1397 1434 1437 litterarum
1469 1407 1526 1435 re·

223 1466 366 1516 publica
406 1464 552 1515 optime
604 1462 757 1502 meritus
806 1462 877 1503 10.
914 1459 1071 1503 BVRC.
1124 1456 1526 1510 MENCIOENIVS,

219 1529 280 1579 qui
313 1538 349 1566 et
381 1527 531 1565 iconem
553 1557 563 1575 ,
597 1526 640 1565 ad
673 1526 837 1566 nostram
873 1525 1049 1577 proxime
1070 1524 1311 1563 accedentem
1332 1553 1344 1572 ,
1379 1522 1525 1562 adiecit.

221 1590 343 1630 Postea
392 1590 505 1628 etiam
549 1589 598 1629 R.
636 1588 676 1627 P.
712 1588 783 1629 IO.
819 1585 1146 1629 HARDVINVS
1187 1587 1233 1627 ad
1286 1584 1525 1627 PLINIVM

223 1653 284 1693 lib.
319 1653 371 1691 V.
402 1660 484 1706 cap.
517 1650 697 1692 XXXI.
717 1650 809 1704 sea.
849 1655 917 1698 36.
953 1651 1054 1690 dedit
1086 1649 1253 1703 ec'typon
1289 1649 1394 1689 numi
1421 1660 1525 1687 auer-

224 1715 256 1755 sa
292 1724 393 1767 parte
425 1715 519 1754 haud
571 1715 666 1754 adeo
715 1714 920 1765 dissimilis,
955 1723 993 1753 et
1028 1715 1073 1753 de
1105 1725 1154 1752 eo
1196 1713 1286 1752 haec
1326 1709 1523 1752 disseruit:

226 1778 332 1830 „Est
365 1789 416 1816 ex
448 1790 529 1817 aere
571 1778 762 1817 maximae
801 1779 908 1817 molis
939 1789 1072 1816 numus
1103 1777 1265 1815 eximius
1285 1806 1297 1825 ‚
1328 1776 1391 1827 qni
1425 1772 1528 1814 Iouis

226 1841 403 1894 „vultum
438 1850 544 1892 parte
577 1841 696 1891 priore
727 1840 911 1880 exhibet:
951 1841 1064 1879 altera
1095 1839 1248 1878 titulum
1300 1838 1526 1878 nTOAE-

229 1937 239 1956 ‚
265 1904 450 1943 ΜΑΙΟΥ
486 1899 807 1945 ΒΑΣΙΛΕΩΣ
840 1916 928 1943 cum
962 1902 1108 1956 aquila,
1159 1914 1250 1956 quae
1291 1902 1436 1942 fulmini
1470 1901 1527 1940 in·

230 1967 373 2017 „listit‚
407 1976 443 2006 ct
479 1968 573 2005 inter
603 1968 743 2017 aquilae
777 1967 890 2019 pedes
921 1966 971 2007 est
990 1977 1312 2018 monogramma,
1348 1964 1449 2019 quod
1476 1964 1528 2006 ibi

225 2030 480 2085 „arbitramur
513 2025 680 2079 Χαλκὸς
714 2027 894 2080 Ροδίων,
929 2041 988 2069 aes
1019 2028 1277 2071 Rhodiorum.

793 2092 832 2134 Y
866 2105 892 2145 y
928 2105 953 2131 2
1411 2088 1534 2145 Caput
