2020 2668
682 88 897 138 NVMVS
1395 103 1488 147 373

183 215 240 250 ter
271 206 434 258 veliem,
469 217 597 247 annon
631 205 798 260 Neapoli
829 205 875 246 fit
905 202 1132 244 tribuendus.
1197 203 1330 245 Exstat
1361 203 1402 244 in
1432 206 1488 246 al-

182 281 260 311 tem
293 280 399 324 parte
427 279 539 323 caput
571 269 689 309 laurea
719 268 995 309 circumdatum
1015 299 1026 318 ,
1058 279 1144 306 cum
1165 267 1293 307 litteris
1311 265 1488 309 VIRGI-

182 333 302 374 LIVS
324 333 498 374 MARO.
518 330 594 372 Sub
613 333 734 384 capite
767 331 916 384 floriger
941 341 1062 368 ramus
1079 328 1182 368 rosae
1200 362 1211 380 ,
1244 340 1287 370 vt
1305 331 1450 370 videtur
1465 361 1480 382 ‚

178 397 364 450 expressus
383 395 449 435 fuit
469 410 477 435 :
510 394 567 434 sed
587 394 768 446 temporis
787 392 914 432 iniuria
941 391 1009 431 hac
1034 391 1267 444 potissimum
1288 403 1395 445 parte
1412 393 1478 433 de-

182 460 289 499 tritus
306 458 368 498 cst.
402 457 571 497 Alteram
591 456 724 496 faciem
753 464 874 494 totam
901 454 1037 507 implet
1071 453 1167 493 Solis
1201 465 1312 507 caput
1350 455 1481 508 ample

178 521 372 561 radiatum.
406 520 606 561 Ambitum
626 518 823 559 delineatio
838 513 1003 556 ac'cumte
1039 516 1153 556 sistit:
1187 518 1239 557 est
1255 527 1383 557 autem
1405 518 1481 557 mi-

178 584 281 623 nime
300 582 426 624 craffus
442 591 482 622 et
499 581 679 636 appendit
698 592 830 634 grana,
854 579 1094 620 medicorum
1112 580 1263 633 quidem
1283 581 1484 634 ponderis,

178 647 324 686 decem.

297 707 486 761 Neapolin
535 706 643 760 spirat
675 704 772 748 Solis
803 705 963 758 imago,
996 717 1110 758 quam
1145 706 1232 746 alibi
1278 707 1317 746 in
1351 706 1481 748 numis

178 770 285 812 huius
314 771 411 811 vrbis
441 769 602 822 conspici
634 780 740 810 antea
775 769 962 809 dicebam.
1026 768 1179 808 Eodem
1211 769 1397 822 conspirat
1415 781 1477 809 ro·

176 833 211 874 fit
245 834 304 874 sub
335 834 456 886 capite
488 832 663 885 Virgilii,
696 842 739 872 vt
774 831 868 872 mihi
900 831 1054 884 quidem
1086 832 1196 883 plane
1230 833 1401 883 videtur,
1421 832 1478 871 ia-

175 908 274 936 cens.
339 895 385 935 In
425 895 496 934 hac
527 906 654 934 autem
686 895 777 935 vrbe
828 894 1010 947 stapultum
1045 894 1116 932 effe
1157 906 1337 946 magnum
1376 894 1476 935 hunc

176 969 301 998 vatem
323 989 333 1007 ‚
363 967 729 1009 monumentumque
761 956 923 995 habuisse
942 987 953 1006 ‚
985 954 1062 995 ffint
1094 957 1225 1007 magni
1266 956 1476 1009 multique:²

170 1022 236 1073 qui
268 1018 484 1069 affirmant,
519 1019 653 1068 teste5‚
683 1019 809 1070 quibus
842 1017 962 1058 fidem
996 1029 1113 1057 nemo
1145 1018 1327 1070 derogat,
1369 1031 1477 1072 prae·

171 1079 230 1123 tet
259 1081 332 1122 10.
366 1080 715 1124 HARDVINVM
735 1114 744 1132 ,
776 1091 812 1120 et
842 1081 970 1134 quibus
997 1081 1060 1121 ille
1092 1079 1303 1132 persuadere
1334 1081 1476 1134 potuit.

285 1144 474 1196 Equidem
507 1144 628 1184 nolim
661 1144 888 1183 contendere
919 1142 1015 1183 hunc
1049 1155 1211 1182 numum
1240 1142 1310 1183 effe
1350 1143 1482 1196 publi-

170 1219 214 1247 ca
246 1207 460 1247 auetoritate
482 1237 493 1257 ,
523 1215 560 1246 et
594 1205 656 1245 vel
688 1208 776 1245 viuo
807 1206 866 1246 vel
898 1218 1015 1258 nuper
1048 1214 1202 1246 mortuo
1234 1205 1394 1258 Virgilio
1411 1218 1483 1246 cri--

166 1269 277 1311 ssim:
310 1281 428 1321 neque
460 1270 581 1308 audeo
613 1278 740 1308 tumen
772 1269 894 1321 ipsum
929 1268 1073 1320 nuperis
1121 1280 1327 1308 numorum
1376 1269 1472 1309 anti-

170 1345 327 1385 quorum
360 1331 463 1371 firbris
494 1331 595 1371 illico
626 1331 795 1370 tribucre.
871 1330 1040 1371 Iudicent
1089 1330 1278 1370 liberrime
1326 1332 1472 1371 eruditi.

171 1394 276 1437 Mihi
307 1403 502 1448 propterea
536 1392 655 1432 visum
686 1394 752 1432 fuit
782 1393 886 1433 illum
921 1396 1111 1446 proferre,
1140 1393 1320 1446 quoniam
1354 1394 1475 1434 video

153 1458 210 1500 >‘in
243 1468 381 1510 nupera
412 1455 631 1496 colleffione
664 1454 846 1508 Tigurina
867 1455 973 1496 illum
994 1468 1069 1495 non
1087 1468 1305 1508 comparere
1322 1489 1333 1508 ,
1352 1468 1472 1510 quum

165 1529 295 1561 tamen
328 1519 367 1559 in
399 1518 465 1559 illis
493 1518 622 1558 tabulis
640 1550 651 1569 ,
682 1519 749 1559 vbi
779 1519 967 1559 illustrium
1001 1531 1044 1559 ac
1076 1518 1277 1558 celebrium
1299 1519 1471 1573 periboa-

171 1596 254 1625 rum
305 1582 410 1622 numi
458 1590 717 1635 proponuntur
737 1613 748 1633 ,
786 1582 903 1621 ctiam
937 1580 1018 1621 fieti
1045 1581 1198 1633 quidum
1230 1593 1307 1621 non
1340 1581 1469 1622 omni-

171 1658 224 1687 no
264 1645 440 1698 repudiati
471 1644 556 1685 fint.
591 1643 650 1684 Fx
680 1656 756 1698 quo
786 1644 896 1697 plane
927 1645 1087 1684 adducor
1107 1652 1148 1683 vt
1164 1644 1315 1684 credam
1335 1657 1470 1684 meum

168 1707 269 1750 hunc
299 1719 485 1760 nunquam
516 1706 615 1747 suisse
647 1708 684 1748 in
713 1706 835 1749 lucem
884 1706 1117 1760 protraftum
1136 1737 1148 1757 ,
1199 1719 1269 1760 qua
1300 1719 1376 1747 non
1409 1708 1472 1746 in-

168 1770 299 1823 dignus
329 1769 425 1810 mihi
456 1770 607 1810 videtur
625 1802 635 1821 ‚
666 1770 841 1822 quoniam
873 1779 971 1809 certe
1002 1769 1162 1822 aliquam
1197 1781 1272 1808 non
1290 1769 1475 1812 inuenusti

163 1831 293 1875 fiteculi
323 1841 386 1872 aut
416 1832 556 1873 inficeti
588 1832 750 1884 magistri
785 1831 1092 1886 significationem
1136 1832 1300 1884 praebet.

282 1894 413 1935 Tanto
449 1906 573 1935 autem
622 1895 793 1935 libentius
841 1895 957 1935 adieci
1004 1894 1268 1946 Neapolitano
1312 1895 1472 1936 indubio

170 1967 209 1999 et
250 1957 498 2012 antiquiffimo
543 1957 671 2010 hunc,
718 1969 832 2011 quem
865 1957 1194 2011 Neapolitanum,
1243 1957 1301 1999 sed
1342 1959 1464 1998 incer-

168 2021 274 2061 tioris
320 2021 431 2071 aeui,
479 2020 682 2073 existim0‚
731 2033 907 2073 quomam
948 2021 994 2061 ab
1031 2021 1174 2060 eodem
1217 2021 1466 2063 celeberrimo

166 2081 569 2127 LILIENTHALIO
588 2117 600 2139 ‚
630 2085 686 2127 cui
718 2096 784 2125 me
815 2088 983 2137 priorem
1001 2084 1137 2127 debere
1163 2083 1433 2140 profeffuslum
1453 2114 1468 2133 ‚

722 2148 766 2190 A
794 2160 817 2191 a
848 2160 871 2189 a
905 2159 931 2200 3
1363 2145 1469 2187 hunc
