2020 2668
508 118 594 166 366
903 123 946 168 N
951 120 1157 165 EAPC-›LI
1163 118 1312 167 TARV
1311 122 1364 164 M
1371 150 1379 158 .

622 239 820 291 Postquam
854 237 948 277 haec
982 237 1032 277 ita
1067 237 1164 290 apud
1196 234 1472 280 BEGERVM
1507 240 1679 283 videram
1702 273 1713 293 ,
1751 244 1828 285 adi-

506 305 593 347 bam
629 300 892 344 GOLZlVM
927 312 1038 354 atque
1068 298 1382 344 GESNERVM
1403 335 1414 354 ,
1446 304 1508 357 qui
1539 304 1679 346 similes
1695 316 1756 346 aut
1776 318 1828 348 ex

508 368 691 423 prioribus
723 367 908 419 repetitos
939 366 1090 405 dabant.
1160 364 1313 406 iuuabat
1345 378 1412 406 mc
1446 367 1536 409 haec
1569 369 1828 422 considerasse,

506 444 620 485 quum
656 430 754 484 apud
789 429 944 470 cosdem
985 428 1155 469 auctores
1196 441 1264 483 per
1296 430 1540 472 Rhodiorum
1591 443 1731 473 numos
1769 445 1829 474 ac·

508 504 633 535 curate
667 495 763 534 irem
789 523 801 543 ,
835 493 1075 546 omninoque
1108 493 1251 533 nullum
1284 503 1397 547 caput
1431 495 1479 535 illi
1500 496 1627 549 ,quod
1648 496 1686 536 in
1705 496 1832 538 nostro

508 557 590 609 est,
625 557 760 608 simile,
794 566 864 607 et,
896 555 995 609 quod
1032 556 1178 605 maius,
1213 555 1358 596 nullum
1379 589 1389 608 ,
1421 559 1522 611 quod
1555 559 1747 614 Apollinis
1769 572 1833 601 ca·

508 632 577 675 put
609 620 724 660 habet
746 650 756 668 ‚
793 630 870 658 non
906 620 1086 658 radiatum
1107 651 1117 670 ‚
1154 618 1299 658 nullum
1334 632 1483 674 quoque
1518 622 1594 662 vlla
1625 622 1745 663 littera
1777 622 1835 664 in·

508 685 689 739 scriptum
742 681 1024 735 cognoscerem.
1109 680 1190 722 lam
1227 682 1254 723 si
1296 695 1396 723 totus
1429 684 1574 726 habitus
1625 698 1833 727 numornm

510 749 616 789 vuius
645 747 885 799 eiusdemque
916 745 1079 786 ciuitatis
1111 746 1248 799 ahquid
1280 747 1384 787 valet
1415 748 1459 788 ad
1493 761 1559 789 eos
1606 749 1836 802 cognoscen-

510 813 578 852 dos
609 821 648 851 et
680 809 977 861 discernendos3
1013 821 1131 863 eoque
1180 821 1406 863 argumento
1455 810 1592 853 summi
1626 813 1663 852 in
1698 826 1736 853 re
1769 825 1836 853 nu-

512 877 627 916 maria
658 874 827 914 auctores
860 871 1095 925 potissimum
1130 883 1309 914 Vtuntur:
1344 888 1458 928 quam
1494 875 1585 916 haec
1618 878 1748 916 omnia
1770 888 1838 917 ve-

512 939 711 978 hementcr
745 936 878 976 faciant
912 937 957 975 ad
994 935 1094 975 hunc
1126 937 1294 977 nostrum
1328 937 1591 991 Neapolitanis
1641 940 1837 980 vindican-

512 1003 602 1042 dum
624 1033 633 1051 ‚
666 1011 702 1040 et
735 1012 754 1039 a
792 998 954 1040 Rhodiis
984 1000 1271 1051 reuocandum,
1325 1013 1460 1041 omnes
1480 1034 1490 1053 ,
1525 1003 1562 1042 ni
1598 1001 1732 1055 fallor,
1770 1016 1832 1044 co-

512 1064 706 1118 gnoscunt.

632 1126 810 1166 Poterant
844 1125 937 1165 hacc
972 1123 1136 1165 sufficere
1165 1125 1212 1165 ad
1246 1138 1408 1166 omnam
1443 1127 1541 1168 hanc
1577 1128 1721 1169 caulam
1741 1128 1839 1171 diiu-

512 1189 742 1231 dicandam:
781 1187 840 1228 led
875 1187 967 1228 vtile
1002 1197 1096 1240 puto
1129 1190 1246 1229 etiam
1282 1190 1331 1229 de
1363 1189 1509 1243 reliquis
1541 1193 1663 1231 dicere
1683 1223 1694 1243 ,
1745 1204 1838 1245 quae

515 1267 644 1294 meam
679 1252 903 1293 sententiam
959 1252 1103 1303 penitus
1151 1251 1393 1293 confirmant.
1460 1252 1504 1294 ln
1540 1254 1652 1294 altem
1703 1251 1838 1296 scilicet

517 1319 622 1358 numi
674 1327 778 1370 parte
811 1316 862 1356 cst
896 1314 1157 1366 minotaurus,
1212 1329 1289 1370 quo
1320 1318 1479 1357 nominc
1513 1328 1649 1358 vocant
1699 1319 1839 1360 animal

516 1391 638 1421 cetera
674 1391 780 1420 tauro
816 1379 966 1428 limile,
998 1377 1056 1418 sed
1092 1377 1184 1419 facie
1217 1381 1317 1420 virili
1352 1380 1514 1421 barbata.
1599 1381 1694 1422 Non
1734 1395 1839 1436 repc-

519 1455 599 1485 tarn
634 1443 794 1484 fabulam
829 1443 1006 1483 omnibus
1039 1442 1300 1483 notissimam:
1344 1456 1464 1498 neque
1496 1457 1594 1484 nunc
1635 1444 1840 1486 sollicitabo

519 1519 654 1548 eorum
689 1507 859 1547 assertum
884 1537 895 1556 ,
927 1507 989 1559 qui
1031 1507 1197 1547 ciuitates
1236 1506 1309 1547 lioc
1341 1508 1481 1547 animal
1531 1507 1675 1561 signare
1724 1509 1842 1549 solitas

521 1574 662 1613 eodem
695 1570 776 1624 ipio
809 1569 985 1609 vltimatn
1021 1570 1210 1622 originem
1244 1582 1264 1610 a
1298 1568 1534 1611 Cretensibus
1552 1573 1729 1612 denotare
1755 1572 1837 1612 affl:-

520 1645 619 1675 runt.
687 1633 771 1675 lam
807 1645 898 1673 vero
931 1634 1028 1672 intcr
1060 1643 1118 1672 tot
1151 1646 1290 1673 numos
1322 1635 1562 1676 Rhodiorum
1584 1635 1755 1676 indubios
1773 1647 1839 1675 nc-

521 1712 594 1752 que
625 1699 756 1738 vnicus
791 1696 882 1737 visus
915 1696 976 1736 vel
1008 1696 1186 1737 adductus
1217 1697 1269 1737 cst
1290 1730 1300 1749 ‚
1334 1698 1370 1737 in
1404 1711 1476 1751 quo
1497 1699 1730 1738 minotaurus
1748 1712 1841 1739 con-

523 1762 745 1814 spiceretur:
782 1761 879 1800 intcr
910 1761 1060 1814 triginta
1096 1760 1389 1814 Neapolitarum
1442 1763 1701 1814 numismata,
1751 1775 1842 1817 quae

524 1823 605 1865 CL.
639 1821 932 1866 GESNERVS
969 1824 1151 1876 collegit,
1183 1826 1250 1864 tria
1285 1835 1322 1864 et
1342 1824 1474 1878 viginti
1505 1827 1626 1865 videas
1647 1859 1657 1878 ,
1693 1828 1729 1866 in
1752 1839 1844 1880 quo-

524 1902 606 1928 rum
642 1889 779 1941 postica
814 1889 872 1928 vel
905 1887 1044 1940 integer
1080 1887 1138 1927 vel
1179 1888 1392 1929 dimidiatus
1423 1888 1485 1929 ille
1517 1889 1728 1930 exhibetur.
1780 1889 1846 1930 Dc

527 1951 686 1992 Rhodiis
719 1962 843 1992 :intem
897 1951 1056 2003 ipsemet
1091 1951 1151 1990 ille
1188 1953 1243 1992 vir
1279 1952 1438 2004 doetus,
1481 1966 1500 1992 a
1536 1964 1610 2006 qno
1655 1953 1845 1993 dissentire

526 2027 587 2054 me
623 2013 804 2067 profiteor
824 2047 833 2064 ,
869 2013 1090 2054 sufficienter
1122 2015 1291 2068 probat,
1323 2016 1424 2068 quod
1460 2017 1634 2056 omnium
1658 2049 1668 2066 ,
1709 2022 1768 2070 qni
1805 2018 1842 2057 in

528 2077 615 2119 Asia
648 2077 921 2128 consederunt,
955 2077 1128 2119 maxime
1160 2079 1363 2134 genuinum
1394 2091 1508 2131 genus
1537 2077 1725 2121 Doricum
1771 2080 1847 2119 firc-

1743 2144 1815 2184 rint
1835 2175 1847 2195 ,
