2020 2668
522 133 615 175 3²2
679 121 762 166 DE
793 116 1258 166 ELEC'TRICITATE
1288 121 1354 166 IN
1383 122 1729 170 CORPORIBVS

521 244 646 277 totam
697 235 869 290 palmam
905 247 1035 276 manus
1054 265 1066 285 ‚
1114 234 1177 276 alii
1208 247 1277 289 per
1308 246 1433 279 totum
1484 239 1692 280 brachium.
1754 240 1835 297 Qui

521 299 689 352 spiritum
722 300 843 354 digito
873 299 1041 341 accendit
1071 299 1234 341 eundem
1266 299 1387 341 ictum
1422 302 1493 342 vix
1532 303 1728 345 serendum
1764 306 1835 345 ob-

520 361 650 404 ἱππ
848 422 1138 505 Experim.
1181 421 1510 483 xxxvm.

632 538 676 584 si
705 541 850 597 spiritus
884 543 947 583 vel
977 540 1115 596 naphta
1148 541 1380 584 electrificati
1421 543 1647 586 accendendi
1664 541 1747 586 fiint
1777 547 1833 588 di·

516 603 597 660 gito
625 618 705 649 non
739 605 990 647 eleettificato
1005 638 1017 658 ,
1049 607 1155 649 idem
1189 605 1338 647 sentitur
1369 606 1475 647 ictus.

851 729 1146 811 Experim.
1183 729 1469 790 XXXIX.

629 855 671 902 Si
704 859 844 914 prisma
875 861 973 901 circa
1006 859 1136 900 tubum
1171 862 1334 902 vitreum
1370 858 1514 900 mobile
1548 858 1667 914 (fig.)
1709 861 1833 916 adpli-

515 929 615 963 catur
647 923 695 964 ad
735 923 874 964 fcrrum
927 922 1215 965 electrificatum
1252 925 1290 964 in
1308 923 1390 964 dist.
1425 923 1529 964 duat.
1567 924 1632 965 lin.
1670 935 1708 965 et
1740 927 1832 966 alte·

510 997 599 1026 rum
632 987 772 1039 prisma
792 1017 804 1037 ‚
835 987 937 1039 quod
969 987 1104 1040 digitus
1135 987 1320 1039 contingit
1340 1018 1350 1038 ,
1384 987 1431 1027 ab
1464 987 1530 1027 illo
1564 998 1757 1028 remotum
1777 987 1830 1030 cst

514 1056 587 1089 tres
636 1048 746 1089 lineas
786 1058 825 1090 et
859 1048 1003 1103 saepius
1034 1059 1194 1102 quatuor
1213 1082 1224 1101 ‚
1273 1059 1313 1089 ct
1343 1049 1469 1090 homo
1509 1059 1637 1090 tenens
1687 1052 1829 1104 prisma

512 1108 774 1152 elec'trificatur
822 1120 865 1151 vt
898 1111 1088 1165 experim.
1127 1124 1165 1150 1.
1202 1113 1321 1153 oritur
1371 1112 1464 1166 ignis
1512 1124 1742 1166 concrepans
1771 1116 1831 1156 die

511 1173 690 1226 vifibilis,
740 1184 967 1228 propagatus
997 1185 1018 1213 a
1052 1173 1232 1226 prismate
1270 1187 1322 1225 c,
1353 1184 1392 1214 et
1425 1175 1618 1215 eiacuiatus
1651 1177 1696 1216 ad
1732 1179 1827 1230 pris-

512 1246 577 1275 ma
606 1236 636 1278 d
665 1246 704 1277 et
737 1236 825 1278 inde
856 1237 904 1278 ad
937 1236 1046 1278 filum
1078 1235 1242 1278 sterreum
1272 1235 1564 1278 electrificamm
1593 1236 1828 1281 BCDEF.

872 1361 1166 1440 Experim.
1209 1359 1478 1421 XXXX.

622 1484 665 1530 Si
694 1489 823 1531 bilanx
854 1488 1119 1532 electrificatur
1137 1522 1148 1542 ‚
1182 1489 1269 1544 post
1287 1487 1394 1530 filum
1413 1488 1573 1530 ferreum
1604 1488 1669 1547 (1.
1694 1505 1732 1532 2.
1758 1492 1823 1550 3.)

510 1552 739 1606 adplicatum
772 1555 940 1606 circan,
973 1554 1143 1607 pondera
1174 1565 1253 1594 non
1285 1551 1521 1594 electrificata
1556 1552 1601 1609 3)
1633 1557 1824 1599 attrabunt

509 1615 657 1656 lancem
689 1628 739 1657 ex
771 1617 941 1658 distantia
972 1618 1133 1659 duorum
1167 1616 1388 1672 pollicum,
1411 1627 1450 1656 ct
1480 1618 1599 1659 oritur
1642 1620 1680 1660 in
1712 1619 1823 1661 lami-

504 1691 554 1719 na
588 1678 702 1721 ferrea
734 1680 894 1722 flamma
923 1681 1054 1735 ingens
1081 1691 1310 1733 concrepans
1343 1679 1473 1731 valde,
1504 1690 1541 1720 at
1572 1681 1681 1723 ceffit
1708 1683 1824 1737 phae-

508 1754 705 1783 nomenon
738 1745 951 1785 continuata
967 1743 1269 1785 electi-ificationc
1288 1774 1300 1794 ,
1332 1742 1451 1784 maffis
1485 1742 1610 1786 ferreis
1641 1746 1727 1800 ipsis
1745 1747 1820 1788 elc-

507 1804 688 1846 &ricitate
719 1807 866 1848 imbutis
884 1841 895 1860 ‚
927 1807 954 1848 fi
986 1807 1252 1848 connectuntur
1285 1806 1421 1847 maffia:
1452 1807 1586 1849 (ἔπαιε
1618 1821 1705 1850 cum
1734 1823 1820 1851 cor-

510 1880 603 1920 pore
636 1870 858 1911 deriuatiuae
893 1870 1144 1912 electricitatis
1191 1869 1355 1911 infinitae
1402 1870 1575 1925 virtutis,
1623 1875 1819 1915 continuae

507 1932 746 1975 attractiones
765 1966 777 1986 ‚
806 1934 988 1977 flammae
1017 1943 1056 1976 et
1089 1934 1404 1990 concrepationes
1434 1933 1541 1976 fiunt.
