2020 2668
318 61 715 113 PRODVCENDA
745 60 901 108 NOVA
933 59 1294 112 ΤΕΝΤΑΜῙΝΑ.
1391 77 1481 122 367

616 173 908 254 Experim.
949 172 1047 234 IV.
1074 181 1087 236 ’.

301 291 340 337 Si
374 293 501 349 positis
531 292 810 333 circumstantfis
837 291 1025 346 experim.
1058 291 1114 335 11.
1147 291 1271 335 homo
1305 293 1345 336 in
1373 293 1484 337 resina

184 360 288 402 iuxta
321 358 483 411 pondera
499 354 593 410 (3)
625 356 716 395 stans
733 386 744 406 ,
794 355 954 408 adplicat
1000 357 1140 408 prisma
1172 357 1201 398 d
1225 358 1268 398 ad
1318 359 1486 413 pondem

189 424 301 464 ferrea
320 452 331 472 ,
364 419 602 460 elestricitate
636 417 818 470 producta
850 428 889 458 et
921 418 1045 458 indice
1078 419 1294 461 ostendente
1327 433 1384 475 gr.
1408 432 1431 458 2
1439 430 1482 469 5.

188 487 226 526 in
260 483 426 524 distantia
459 482 573 522 trium
607 481 784 521 linearum
820 481 1008 533 prismatis
1038 493 1061 522 c
1092 494 1113 522 a
1143 484 1321 537 prismate
1353 483 1382 524 d
1411 484 1489 538 orif

187 557 247 589 tur
282 545 433 586 scintilla
463 543 669 584 vehemens
700 552 927 597 concrepans
958 552 998 583 et
1029 543 1144 585 index
1191 546 1331 586 recedit
1359 558 1380 587 a
1413 555 1486 597 25.

187 610 301 663 gradu
331 608 376 648 ad
414 613 481 649 18.
517 619 570 660 gr.
606 614 715 646 motu
749 616 854 646 rotae
887 605 1042 647 ceffimte
1072 607 1098 648 fi
1131 609 1378 662 propinquius
1403 610 1489 650 red-

185 673 287 713 ditur
320 671 457 724 prisma
489 683 511 710 c
540 669 709 722 prismati
740 669 769 710 d
797 669 934 710 iterum
968 670 1083 710 oritur
1114 671 1154 710 in
1184 672 1353 713 distantia
1383 671 1492 713 vnius

187 743 228 774 et
260 733 438 774 dimidiae
479 732 596 772 lineae
628 730 779 773 scintilla
811 731 871 772 led
905 731 1348 785 imbecillior‚·tandem
1397 745 1490 775 con-

186 796 414 850 tingentibus
443 794 479 834 se
510 792 745 848 prismatibus
766 826 776 846 ,
809 803 887 834 tota
917 794 1136 835 eledtricitas
1167 795 1325 837 aufertur
1364 805 1403 838 et
1433 797 1490 838 in·

186 860 262 901 dex
291 857 446 900 ostendit
477 870 534 910 gr.
569 868 612 898 0.
646 856 735 910 quin
768 857 917 911 regulae
948 857 981 897 L
1013 857 1062 899 M
1095 856 1130 897 se
1164 859 1338 913 adplicat.

627 963 919 1041 Experim.
965 963 1039 1020 V.

299 1080 340 1124 Si
370 1081 491 1122 homo
523 1082 709 1137 adplicans
738 1095 894 1122 manum
927 1082 969 1122 ad
1003 1081 1194 1135 sphaeram
1235 1095 1312 1124 non
1361 1083 1488 1125 insistit

185 1146 319 1188 resinae
366 1145 421 1185 sed
461 1144 539 1184 solo
567 1158 616 1185 ex
646 1146 812 1185 asseribus
860 1146 1131 1198 compaginato
1179 1155 1220 1186 et
1267 1145 1491 1187 electricitas

186 1210 370 1250 excitatur
401 1208 563 1248 indicem
597 1208 740 1248 eleuans
771 1208 815 1247 ad
847 1219 903 1260 gr.
940 1217 1012 1256 25.
1064 1209 1238 1260 prismate
1271 1210 1300 1249 d
1327 1205 1493 1262 adplica-‘

185 1282 228 1312 to
260 1272 306 1312 ad
338 1271 445 1311 filum
478 1269 637 1310 ferreum
671 1269 951 1310 electi-ificatum
983 1270 1030 1310 ab
1047 1270 1205 1311 homine
1223 1270 1300 1311 solo
1331 1284 1383 1311 ex
1401 1273 1486 1312 afle-

185 1335 281 1375 ribus
312 1333 583 1384 compaginato
617 1332 785 1373 insistenti
806 1364 816 1383 ‚
849 1342 888 1371 et
909 1334 1098 1385 >prismae
1130 1347 1150 1373 c
1182 1335 1350 1386 prismati
1379 1335 1410 1374 d
1439 1334 1487 1374 sic

184 1398 487 1450 appropinquato
519 1405 563 1435 vt
596 1405 668 1434 tres
701 1405 845 1435 tautum
879 1394 996 1435 lineas
1024 1395 1133 1435 distet
1153 1425 1164 1443 ‚
1197 1396 1316 1436 oritur
1348 1395 1487 1436 scintil-

183 1461 217 1500 la
250 1470 476 1512 concrepans
524 1457 729 1498 vehemens
759 1467 798 1497 et
831 1457 946 1497 index
989 1458 1085 1498 redit
1114 1459 1161 1498 ad
1193 1471 1249 1511 gr.
1308 1461 1377 1498 16.
1443 1457 1486 1500 Si

183 1522 322 1576 prisma
355 1534 375 1561 c
406 1519 528 1559 adhuc
561 1521 797 1574 propinquius
836 1520 999 1560 redditur
1037 1522 1189 1573 primati
1221 1521 1250 1561 d
1281 1531 1325 1561 vt
1362 1533 1401 1561 2.
1440 1523 1485 1563 li-

182 1597 268 1624 neas
300 1583 408 1635 distet
429 1613 440 1633 ‚
475 1584 588 1622 oritur
619 1584 755 1623 iterum
791 1581 936 1621 scintilla
968 1593 1194 1636 concrepans
1229 1584 1349 1623 indice
1383 1596 1487 1625 rece-

186 1648 296 1687 dente
329 1646 374 1685 ad
409 1658 464 1697 gr.
499 1647 686 1685 minorem
724 1658 758 1685 e.
791 1658 826 1697 g.
870 1656 938 1683 11.
990 1645 1168 1685 Prismate
1198 1658 1218 1686 c
1259 1647 1378 1698 magis
1417 1659 1486 1700 ap-

185 1709 435 1763 propinquato
468 1709 630 1761 prismati
663 1709 691 1748 d
717 1710 833 1748 oritur
866 1707 1015 1747 scintilla
1055 1720 1280 1761 concrepans
1330 1709 1485 1750 debilior

186 1771 418 1825 praecedenti
437 1802 448 1820 ,
481 1781 517 1809 ct
550 1772 663 1811 index
697 1773 886 1810 minorem
919 1771 1070 1823 gradum
1105 1770 1220 1810 adhuc
1255 1770 1414 1811 ostendit
1446 1784 1481 1811 e.

185 1848 221 1888 g.
258 1843 300 1880 7.
336 1833 565 1884 tangentibus
598 1846 689 1872 vero
722 1833 754 1873 le
787 1842 920 1875 mutuo
963 1833 1198 1885 prismatibus
1227 1845 1247 1874 c
1279 1843 1317 1873 et
1346 1834 1375 1874 d
1404 1843 1486 1875 tota

186 1895 400 1937 eleaticitas
433 1896 588 1935 aufertur
617 1906 652 1934 et
688 1896 798 1934 index
830 1895 990 1935 ostendit
1022 1897 1178 1948 gradum
1213 1907 1238 1934 0
1261 1928 1272 1948 ,
1305 1897 1392 1950 quin
1417 1909 1485 1951 ap-

186 1961 298 2012 plicat
328 1957 361 1997 se
394 1958 534 2011 regulae
568 1957 713 1998 ferreae.

706 2069 751 2125 Q
777 2082 801 2124 q
835 2081 860 2109 2
1279 2069 1481 2126 Experiar,
